=LDR  02336 am a22005053  4500
=001  003067781
=003  Uk
=005  20130924171918.0
=008  120523m18431850ru\a\\\\o\\\\\000\0\rusod
=FMT  \\$a  BK
=019  x\$a2730460160
=035  \\$a(OCoLC)794223686
=040  \\$aOCLCE$beng$cOCLCE$dOCLCO$dOCLCQ$dUk
=100  1\$aReĭneke, Mikhail,$d1801-1859.
=245  10$6880-01$aGidrograficheskoe opisanīe si︠e︡vernago berega Rossīi :$bk atlasu izdannomu ot Gidrograficheskago depo Glavnago morskago shtaba Ego Imp. Velichestva, v 1833 i 1834 gg.
=246  3\$aGidrograficheskoe opisanie severnogo berega Rossii
=264  \1$aS.-Peterburg :$bV Morskoĭ tip,$c1843-50.
=300  \\$a2 volumes :$billustrations ;$c27 cm
=336  \\$atext$2rdacontent
=337  \\$aunmediated$2rdamedia
=338  \\$avolume$2rdacarrier
=340  \\$m4to$2rdabf
=500  \\$aV. 1 published in 1850.
=505  0\$ach. 1. Bi︠e︡loe More -- ch. 2. Opisanīe laplandskago berega.
=650  \0$aHydrography$zRussia (Federation)$zWhite Sea.
=776  1\$cOriginal$w(OCoLC)40252382
=880  01$6245-10$aГидрографическое описаніе Сѣвернаго берега Россіи :$bкъ атласу изданному отъ Гидрографическаго Депо Главнаго Морскаго Штаба Его Имп. Величества, въ 1833 и 1834 годахъ.
=856  40$3HathiTrust Digital Library Full view$uhttp://catalog.hathitrust.org/api/volumes/oclc/40252382.html
=856  40$3Google$uhttp://books.google.com/books?id=m-kxAQAAMAAJ
=856  41$uhttp://books.google.com/books?vid=BL:A0018031918$yGoogle_Books
=852  41$aBritish Library$bHMNTS$j10497.g.4.
=985  \\$aCorrected by MS generated file for WR# 1805-0738
=CAT  \\$aCONV$b00$c20040502$lBLL01$h0958
=CAT  \\$aBLC-CORR$b00$c20071129$lBLL01$h1537
=CAT  \\$aBATCH$b00$c20091130$lBLL01$h0309
=CAT  \\$a11937$b40$c20130924$lBLL01$h1719
=CAT  \\$aWR14_057$b00$c20140606$lBLL01$h2018
=CAT  \\$aWR14_057$c20140610$lBLL01$h1610
=CAT  \\$a1805-0738$c20181109$lBLL01$h1826
=CAT  \\$a1805-0738$b00$c20181109$lBLL01$h1856
=FIN  \\$aY
=LEO  \\$aMP1.0003269420
=SID  \\$aZ39$bOCLC
=SRC  \\$aBLS01$bbibmp1.200404.2.ad
=LAS  \\$a1805-0738$b00$c20181109$lBLL01$h1856

