=LDR  01710 am a22004575a 4500
=001  003169674
=003  Uk
=005  20200605193413.0
=008  120515s1870\\\\gw\\\\\\o\\\\\000\0\ger\d
=FMT  \\$a  BK
=019  x\$a2822560315
=040  \\$aUk$beng$cUk
=100  1\$aRothschild, David,$d1816-1892.
=245  14$aDer Synagogal-Cultus :$bin historisch-kritischer Entwickelung /$cpopulär dargestellt von Dr. Rothschild.
=264  \1$aAlzey :$bJoseph Weiss,$c1870.
=300  \\$aTh. 1 ;$c(8º)
=336  \\$atext$2rdacontent
=337  \\$aunmediated$2rdamedia
=338  \\$avolume$2rdacarrier
=650  \0$aJudaism$xLiturgy.
=720  1\$aRothschild,$cRabbiner in Alzey.
=752  \\$aGermany$dAlzey.
=856  40$3HathiTrust Digital Library Full view$uhttp://catalog.hathitrust.org/api/volumes/oclc/81496826.html
=856  41$uhttp://books.google.co.uk/books?vid=BL:A0019032950$yGoogle_Books
=852  41$aBritish Library$bHMNTS$j4034.e.62.
=985  \\$aCorrected by MS generated file for WR# 11.211
=985  \\$aCorrected by MS generated file for WR# 1805-0738
=CAT  \\$aCONV$b00$c20040502$lBLL01$h1000
=CAT  \\$aBATCH$b00$c20091130$lBLL01$h0346
=CAT  \\$aWR11_211$c20120830$lBLL01$h1657
=CAT  \\$aBLSS-CORR$b00$c20120830$lBLL01$h1717
=CAT  \\$a11837$b40$c20131002$lBLL01$h1432
=CAT  \\$aWR14_057$b00$c20141128$lBLL01$h1852
=CAT  \\$aBATCH-UPD$b00$c20150423$lBLL01$h0214
=CAT  \\$a1805-0738$c20181117$lBLL01$h0857
=CAT  \\$a1805-0738$b00$c20181117$lBLL01$h0941
=CAT  \\$aW2001-2376$c20200605$lBLL01$h1934
=FIN  \\$aY
=LEO  \\$aMP1.0003379585
=SRC  \\$aBLS01$bbibmp1.200404.2.ad
=LAS  \\$aW2001-2376$b00$c20200605$lBLL01$h1934

