=LDR  01845 am a2200481 a 4500
=001  001936589
=003  Uk
=005  20130926143129.0
=008  890127s1859\\\\gw\\\\\||\\\\\0||\0|ger\\
=FMT  \\$a  BK
=019  x\$a1714300161
=040  \\$aUk$beng$cUk
=043  \\$ae-po---$ae-sp---
=050  \4$aPQ6078$b.K3
=082  04$a861.09
=100  1\$aKayserling, Meyer,$d1829-1905.
=245  10$aSephardim :$bromanische Poesien der Juden in Spanien /$cein Beitrag zur Literatur und Geschichte der Spanisch-Portugiesischen Juden.
=260  \\$aLeipzig :$bH. Mendelssohn,$c1859.
=300  \\$axii, 370 pages, 1 leaf ;$c23 cm
=336  \\$atext$2rdacontent
=337  \\$aunmediated$2rdamedia
=338  \\$avolume$2rdacarrier
=650  \0$aSpanish poetry$xJewish authors$xHistory and criticism.
=650  \0$aPortuguese poetry$xJewish authors$xHistory and criticism.
=650  \0$aJews$zPortugal$xIntellectual life.
=650  \0$aJews$zSpain$xIntellectual life.
=650  \0$aJudaism and literature$zPortugal.
=650  \0$aJudaism and literature$zSpain.
=752  \\$aGermany$dLeipzig.
=856  40$3HathiTrust Digital Library Limited view (search only)$uhttp://catalog.hathitrust.org/api/volumes/oclc/1654554.html
=856  41$uhttp://books.google.com/books?vid=BL:A0018204574$yGoogle_Books
=852  41$aBritish Library$bHMNTS$j11850.g.3.
=985  \\$aCorrected by BSS-generated file for WR# 10/107
=CAT  \\$aCONV$b00$c20040502$lBLL01$h0930
=CAT  \\$aBATCH$b00$c20091129$lBLL01$h0047
=CAT  \\$aBLSS-CORR$b00$c20100917$lBLL01$h1644
=CAT  \\$a11837$b40$c20130926$lBLL01$h1431
=CAT  \\$aWR14_057$b00$c20140606$lBLL01$h2011
=CAT  \\$aWR14_057$c20140610$lBLL01$h1604
=FIN  \\$aY
=LEO  \\$aMP1.0002051846
=SRC  \\$aBLS01$bbibmp1.200404.2.ac
=LAS  \\$aWR14_057$b00$c20140610$lBLL01$h1604

