=LDR  01621 am a22004455a 4500
=001  003233684
=003  Uk
=005  20131007174346.0
=008  900222s1843\\\\gw\\\\\||\\\\\0||\0|ger\\
=FMT  \\$a  BK
=019  x\$a2883050325
=040  \\$aUk$beng$cUk
=050  \4$aDS141$b.S25 1843
=082  04$a296.0903$222/ger
=100  1\$aSalomon, Gotthold,$d1784-1862.
=245  10$aBruno Bauer und seine gehaltlose Kritik über die Judenfrage /$cvon Gotthold Salomon.
=260  \\$aHamburg :$bPerthes-Besser & Mauke,$c1843.
=300  \\$aviii, 143 pages ;$c21 cm
=336  \\$atext$2rdacontent
=337  \\$aunmediated$2rdamedia
=338  \\$avolume$2rdacarrier
=504  \\$aIncludes bibliographical references.
=600  10$aBauer, Bruno,$d1809-1882.$tJudenfrage.
=650  \0$aJewish question.
=752  \\$aGermany$dHamburg.
=856  40$3HathiTrust Digital Library Full view$uhttp://catalog.hathitrust.org/api/volumes/oclc/40419532.html
=856  41$uhttp://books.google.co.uk/books?vid=BL:A0019032904$yGoogle_Books
=852  41$aBritish Library$bHMNTS$j4034.e.9.
=985  \\$aCorrected by BSS-generated file for WR# 10/107
=CAT  \\$aCONV$b00$c20040502$lBLL01$h1001
=CAT  \\$aBATCH-UPD$b00$c20070226$lBLL01$h2019
=CAT  \\$aBATCH$b00$c20091130$lBLL01$h0409
=CAT  \\$aBATCH$b00$c20091213$lBLL01$h2330
=CAT  \\$aBLSS-CORR$b00$c20100917$lBLL01$h1704
=CAT  \\$a11837$b40$c20131007$lBLL01$h1743
=CAT  \\$aWR14_057$b00$c20141128$lBLL01$h1852
=FIN  \\$aY
=LEO  \\$aMP1.0003449601
=SRC  \\$aBLS01$bbibmp1.200404.2.ad
=LAS  \\$aWR14_057$b00$c20141128$lBLL01$h1852

