=LDR  01398 am a22003975a 4500
=001  000249878
=003  Uk
=005  20131007174313.0
=008  871118s1857\\\\gw\\\\\||\\\\\0||\0|ger\\
=FMT  \\$a  BK
=019  x\$a0231450249
=040  \\$aUk$beng$cUk
=050  \4$aPJ5120$b.B392j
=100  1\$aBeer, B.$q(Bernhard),$d1801-1861.
=245  10$aJüdische Literaturbriefe /$cvon B. Beer.
=260  \\$aLeipzig :$bH. Hunger,$c1857.
=300  \\$aiv, 94 pages ;$c20 cm
=336  \\$atext$2rdacontent
=337  \\$aunmediated$2rdamedia
=338  \\$avolume$2rdacarrier
=650  \0$aJewish literature$xHistory and criticism.
=752  \\$aGermany$dLeipzig.
=856  40$3HathiTrust Digital Library Full view$uhttp://catalog.hathitrust.org/api/volumes/oclc/3958714.html
=856  41$uhttp://books.google.co.uk/books?vid=BL:A0019032905$yGoogle_Books
=852  41$aBritish Library$bHMNTS$j4034.e.10.
=985  \\$aCorrected by BSS-generated file for WR# 11/048
=CAT  \\$aCONV$b00$c20040502$lBLL01$h0854
=CAT  \\$aBATCH$b00$c20091126$lBLL01$h0100
=CAT  \\$aBLSS-CORR$b00$c20110421$lBLL01$h1601
=CAT  \\$a11837$b40$c20131007$lBLL01$h1743
=CAT  \\$aWR14_057$b00$c20141128$lBLL01$h1845
=CAT  \\$aBATCH-UPD$b00$c20150423$lBLL01$h0209
=FIN  \\$aY
=LEO  \\$aMP1.0000272566
=SRC  \\$aBLS01$bbibmp1.200404.2.aa
=LAS  \\$aBATCH-UPD$b00$c20150423$lBLL01$h0209

