=LDR  01488 am a22004095a 4500
=001  001980379
=003  Uk
=005  20130510174608.0
=008  890127s1814\\\\gw\b\\\||\\\\\0||\0|ger\\
=FMT  \\$a  BK
=019  x\$a1753510244
=040  \\$aUk$beng$cUk
=043  \\$aa-gs---
=050  \4$aDK511.G3$bK48
=100  1\$aKlaproth, Julius von,$d1783-1835.
=245  10$aBeschreibung der Russischen Provinzen zwischen dem Kaspischen und Schwarzen Meere /$cvon Julius v. Klaproth ...
=260  \\$aBerlin :$bMaurer,$c1814.
=300  \\$a2 p. l., [3]-269, [1] p. :$bfold. map ;$c17 cm.
=336  \\$atext$2rdacontent
=337  \\$aunmediated$2rdamedia
=338  \\$avolume$2rdacarrier
=651  \0$aGeorgia (Republic)$xDescription and travel.
=752  \\$aGermany$dBerlin.
=856  40$3HathiTrust Digital Library Full view$uhttp://catalog.hathitrust.org/api/volumes/oclc/26670707.html
=856  41$uhttp://books.google.com/books?vid=BL:A0018283606$yGoogle_Books
=852  41$aBritish Library$bHMNTS$j10292.b.25.
=CAT  \\$aCONV$b00$c20040502$lBLL01$h0931
=CAT  \\$aBLC-CORR3$c20071210$lBLL01$h0927
=CAT  \\$a1722$b40$c20081107$lBLL01$h1536
=CAT  \\$aBATCH$b00$c20091129$lBLL01$h0104
=CAT  \\$a11837$b40$c20130510$lBLL01$h1746
=CAT  \\$aWR14_057$b00$c20140606$lBLL01$h2011
=CAT  \\$aWR14_057$c20140610$lBLL01$h1604
=FIN  \\$aY
=LEO  \\$aMP1.0002097417
=SRC  \\$aBLS01$bbibmp1.200404.2.ac
=LAS  \\$aWR14_057$b00$c20140610$lBLL01$h1604

