=LDR  08328 km a2200985 i 4500
=001  004806211
=003  Uk
=005  20201002154851.0
=007  kj\bo\
=008  940103s1545\\\\it\nnn\\\\\\\\\\\\knlat\\
=FMT  \\$a  VM
=019  4\$am030060044
=019  \\$a2589
=034  0\$aa$dE0112041$eE0112042$fN0442948$gN0442948$2bound
=040  \\$aUk$beng$cUk$dUk$erda$egihc
=041  0\$alat
=042  \\$aukblsr
=082  04$a704.45$223
=100  1\$aBonasone, Giulio,$dapproximately 1498-approximately 1580,$eassociated name.
=245  10$aORTHOGRAPHIA MERIDIONALIS ACADEMICAE DOMVS BOCCHIANAE BONON
=255  \\$aScale not determined.$c(E 11°20'41"--E 11°20'42"/N 44°29'48"--N 44°29'48").
=264  \0$a[Bologna?],$c[this state c. 1545]
=300  \\$a1 print :$betching ;$csheet 43.5 x 35.5 cm
=336  \\$astill image$2rdacontent
=337  \\$aunmediated$2rdamedia
=338  \\$asheet$2rdacarrier
=500  \\$aPublished in 1545, this print illustrates a facade that is in all probability something close to the young Vignola's (?) original scheme for the Palazzo Bocchi, before a significant number of changes were made by Achille Bocchi himself, notably the substitution of pinnacles for the status adorning the roof, the addition of a balcony along the piano nobile, and an inscription of Psalm 120 in Hebrew on the left side of the of the ground floor, above the rustication, all changes which are recorded in a second print dated to 1555; indeed, so extensive were the changes to the design, that the engraver decided to engrave a new plate, rather than emend this existing one. A further suite of revisions were made during building, resulting in a far simpler building than the one recorded in either print.
=500  \\$aUnlike the sheets known to Johann Schmidt, this impression lacks the date 1545, which on other copies appears immediately below the title, right at the bottom of the plate; because of the absence of any sign of erasure, it is possible that the undated state is an earlier, rather than later iteration of the plate, quite probably added to complement the identically-placed date on Bonasone's second plate, the creation of which no doubt necessitated some clarification of the chronological sequence of the two designs.
=500  \\$aThe identity of the engraver of either print is unclear: Bartsch listed the 1555 version under 'works approaching the style of Giulio Bonasone', and given the latter's extensive work for Bocchi, and the stylistic coherence of the two plates, it would make sense to place the execution of both engravings within his circle.
=500  \\$aTitled 'Orthographia Meridionalis Academicæ Domûs Bocchianae Bonon.' in the Catalogue of the Maps, Prints, Drawings, etc., forming the geographical and topographical collection attached to the Library of his late Majesty King George the third, etc., London, 1829.
=510  4\$aJ.K. Schmidt, 'Zu Vignolas Palazzo Bocchi in Bologna', Mitteilungen des Kunsthistorischen Institutes in Florenz, XIII, 1967, pp. 83-94 ('Bocchi I' [undescribed state])
=510  3\$aBritish Museum, Catalogue of Maps, Prints, Drawings, etc., forming the geographical and topographical collection attached to the Library of his late Majesty King George the third, etc., London, 1829
=520  \\$aScaled elevation of a design for the facade of the Palazzo Bocchi, with the arms of Paul III at the top, supported by two putti, and an array of figures on the ground below, including some in classical dress, all grouped in the sheet's extremities.
=500  \\$aLettered throughout. Across top: PAVL.III. PONT. MAX. // CAERVLA DVM LAETO FLOREBVNT LILIA MVNDO / BOCHIE QVID DVBITAS VIVIT FARNESIA PROLES / FLOREBIT PIETAS SEMPER ET ALMA FIDES NE DESPONDE ANIMVM SPES TVA VIVIT ADHVC; [along bottom] ORTHOGRAPHIA MERIDIONALIS ACADEMICAE DOMVS BOCCHIANAE BONON.
=510  3\$aA. Bartsch 'Le Peintre-graveur', 21 volumes, Vienna, 1803-21 XV.177-copy (unrecorded state)
=510  3\$aS. Massari, Giulio Bonasone, 2 vols, Rome 1983, no. 41c (fourth state)
=510  4\$aThe print collection of Cassiano dal Pozzo : architecture, topography and military maps / Mark McDonald. Part C.II of The paper museum of Cassiano Dal Pozzo : a catalogue raisonné (3 volumes, Royal Collection Trust 2017),$cPart 2, vol. II, 2589
=520  8\$aThis is an earlier version of the previous print, with the date 1545 and the arms of Paul III, and without the building's Hebrew inscription (S. Massari, Giulio Bonasone, 2 vols, Rome 1983, no. 41c). Another state has the date 'MDXLV' and the publisher's name 'Giovan Francesco Camocio' (S. Massari, Giulio Bonasone, 2 vols, Rome 1983, no. 41b; M. Kiefer, Emblematische Strukturen in Stein: Vignola's Palazzo Bocchi in Bologna, Freiburg im Breisgau 1999, p. 43; R. Tuttle in R.J. Tuttle, B. Adorni, C.L. Frommel and C. Thoenes (eds), Jacopo Barozzi da Vignola, Milan 2002, no. 30). Camocio (fl. c.1552-74/5) was a publisher who worked in Venice (M. Bury, The Print in Italy 1550-1620, exhib. cat., British Museum, London, 2001, p. 223). See: The print collection of Cassiano dal Pozzo : architecture, topography and military maps / Mark McDonald. Part C.II of The paper museum of Cassiano Dal Pozzo : a catalogue raisonné (3 volumes, Royal Collection Trust 2017).
=650  \0$aHouses$zItaly$zBologna$vPictorial works$vEarly works to 1800.
=651  \0$aBologna (Italy)$vPictorial works$vEarly works to 1800.
=655  \7$aEtchings$zItaly$zBologna$y1540-1550.$2lctgm
=600  07$aPaul$bIII,$cPope,$d1468-1549$2fast$0(OCoLC)fst00088996
=650  \7$aChristianity$xCustoms and practices.$2fast$0(OCoLC)fst00859609
=651  \7$aItaly$zVenice.$2fast$0(OCoLC)fst01204473
=655  \7$aEngravings.$2fast$0(OCoLC)fst01986244
=690  \\$aCassiano dal Pozzo prints
=700  1\$aBocchi, Achille,$d1488-1562,$eassociated name.
=700  0\$aGeorge$bIII,$cKing of Great Britain,$d1738-1820,$eformer owner.$5Uk
=700  0\$aGeorge$bIV,$cKing of Great Britain,$d1762-1830,$edonor.$5Uk
=700  0\$aClement$bXI,$cPope,$d1649-1721,$eformer owner.$5Uk$0(isn)0000000449282491
=700  1\$aAlbani, Alessandro,$d1692-1779,$eformer owner.$5Uk$0(isni)/000000006631146X
=700  1\$aBenzoni, Anna Teresa,$d-1736,$eformer owner.$5Uk
=700  1\$aDal Pozzo, Carlo Antonio,$d1606-1689,$eformer owner.$5Uk$0http://id.loc.gov/authorities/names/no2017043993
=700  1\$aDal Pozzo, Cassiano,$d1588-1657,$eformer owner.$5Uk$0(isni)/0000000083451130
=700  1\$aDal Pozzo, Cosimo Antonio,$d1684-1740,$eformer owner.$5Uk
=700  1\$aDal Pozzo, Gabriele,$d1642-1695,$eformer owner.$5Uk
=856  41$3Copy at Maps K.Top.80.62.c.$uhttps://www.flickr.com/photos/britishlibrary/50263547391$yDigitised item$qCopy at K.Top.80.62.c. Discoloured, damaged along central horizontal fold, small loss upper centre.
=852  41$aBritish Library$bMAPS$jMaps K.Top.80.62.c.$qCopy at K.Top.80.62.c. Discoloured, damaged along central horizontal fold, small loss upper centre.
=985  \\$aRecord amended for WR1606-1727
=CAT  \\$aCONV$b00$c20040502$lBLL01$h1040
=CAT  \\$aglobal_upd$b40$c20060416$lBLL01$h1751
=CAT  \\$aBATCH-UPD$b40$c20090403$lBLL01$h1544
=CAT  \\$aMAP-BATCH$c20090415$lBLL01$h2200
=CAT  \\$aBATCH-UPD$b00$c20090915$lBLL01$h0948
=CAT  \\$aBATCH$b00$c20091205$lBLL01$h2151
=CAT  \\$aBATCH-UPD$b00$c20110602$lBLL01$h1159
=CAT  \\$aBATCH-UPD$b00$c20121128$lBLL01$h2100
=CAT  \\$aWR13_188$c20140208$lBLL01$h1231
=CAT  \\$aW1606-1727$c20160825$lBLL01$h1842
=CAT  \\$a14511$b40$c20180423$lBLL01$h1515
=CAT  \\$a12591$b40$c20180619$lBLL01$h2009
=CAT  \\$a14511$b40$c20180921$lBLL01$h1311
=CAT  \\$a14511$b40$c20180921$lBLL01$h1425
=CAT  \\$a14511$b40$c20180924$lBLL01$h1006
=CAT  \\$aW1907-1744$c20200514$lBLL01$h1721
=CAT  \\$aW1907-1744$c20200514$lBLL01$h1728
=CAT  \\$aBATCH-UPD$b00$c20200514$lBLL01$h1728
=CAT  \\$a12240$b40$c20200514$lBLL01$h1729
=CAT  \\$aW2009-0364$c20200911$lBLL01$h1620
=CAT  \\$aBATCH-UPD$b00$c20200911$lBLL01$h1625
=CAT  \\$aW2009-0364$c20201002$lBLL01$h1548
=FIN  \\$aY$d20180423
=LEO  \\$aMP17.0000019542
=SRC  \\$aMAP01$bbibmp17.200404.2.aa
=LAS  \\$aW2009-0364$b00$c20201002$lBLL01$h1548

