=LDR  04470 km a22006732i 4500
=001  004823723
=003  Uk
=005  20201002154911.0
=007  kj\bo\
=008  940104s1768\\\\dk\nnn\|\\\\\||\\\knfre|\
=FMT  \\$a  VM
=034  0\$aa$dE0123436$eE0123454$fN0554039$gN0554028$2bound
=040  \\$aUk$beng$cUk$dUk$erda
=042  \\$aukblsr
=082  7\$a912.485$2ddc
=100  1\$aBradt, Frederik Ludwig,$eprintmaker.
=245  10$aInterieur de la Grande Sale du Chateau Royal de Christiansbourg a Copenhague Ordonnée par le Roy Frederic V pour le Mariage de Christian VII Roy de Dannemarc et de Norvege Auiourdhuy Regnant avec Caroline Matilde Princesse de la Grande Bretagne et Terminée Lors du Mariage de leur Majestes le VIII Novembre MDCCLXVI /$cJardin inv. ; Bradt. scu. 1768.
=255  \\$aNo scale$c(E 12°34'36"--E 12°34'54"/N 55°40'39"--N 55°40'28").
=264  \1$a[Copenhague] :$b[publisher not identified],$c[approximately 1768]
=300  \\$a1 print :$betching and engraving ;$c41 x 46 cm; platemark 40.7 x 43.6 cm (oblong 2º)
=336  \\$astill image$2rdacontent
=337  \\$aunmediated$2rdamedia
=338  \\$asheet$2rdacarrier
=340  \\$mfolio$2rdabf
=500  \\$aView of the ballroom of Christiansborg Palace during the marriage of Christian VII to Caroline Matilda of Great Britain, the royal couple in the centre of the ballroom dancing a stately minuet, their thrones beyond, a large crowd of elegantly dressed courtiers forming a square about the dancers and watching from the gallery above, chandeliers hanging from the ceiling, paintings and columns to the walls and a painted ceiling above.
=500  \\$aTitled 'Intérieur de la Grande Salle du Château Royal de Christianbourg à Copenhague, ordonnée pour le mariage de Christian VII, le 8e Novre 1766: par Bradt.' in the Catalogue of Maps, Prints, Drawings, etc., forming the geographical and topographical collection attached to the Library of his late Majesty King George the third, etc., London, 1829.
=510  3\$aBritish Museum, Catalogue of Maps, Prints, Drawings, etc., forming the geographical and topographical collection attached to the Library of his late Majesty King George the third, etc., London, 1829
=510  4\$aHogg, Peter. Catalogue of Scandinavian books in the British Library printed before 1801,$cJ28
=650  \7$aMarriage$xRoyal houses$zDenmark.$2local
=650  \7$aMarriage.$2fast$0(OCoLC)fst01010443
=650  \7$aRoyal houses.$2fast$0(OCoLC)fst01100834
=651  \7$aDenmark$xRoyal houses.$2local
=651  \7$aDenmark.$2fast$0(OCoLC)fst01204558
=651  \7$aDenmark$vPictorial works$y1760-1770.$2gmgpc
=651  \7$aCopenhagen (Denmark)$vPictorial works$y1760-1770.$2gmgpc
=655  \7$aEtchings$zEngland$y1760-1770.$2gmgpc
=655  \7$aEngravings$zEngland$y1760-1770.$2gmgpc
=655  \7$aViews$zEngland$y1760-1770.$2gmgpc
=700  0\$aCaroline Mathilde,$cQueen, consort of Christian VII, King of Denmark.
=700  0\$aChristian$bVII,$cKing of Denmark and Norway,$d1749-1808$0(isni)0000000121253822
=700  0\$aFrederick$bV,$cKing of Denmark,$d1723-1766$0(isni)0000000386781727
=700  0\$aGeorge$bIII,$cKing of Great Britain,$d1738-1820,$eformer owner.$0(isni)0000000108986255$5Uk
=700  0\$aGeorge$bIV,$cKing of Great Britain,$d1762-1830,$edonor.$5Uk
=700  1\$aBradt, Johan Gotfred,$d1741-1770.
=700  1\$aJardin, Nicolas-Henri,$d1720-1799.
=856  41$3Copy at Maps K.Top.111.72.m.$uhttps://www.flickr.com/photos/britishlibrary/50265712761$yDigitised item$qMaps K.Top.111.72.m. Manuscript note: 'Pour le Roy d'Angleterre pour etre placédans le livre apres l'Estampe du Catafalque du Roy Frederic V'.
=852  41$aBritish Library$bMAPS$jMaps K.Top.111.72.m.$qMaps K.Top.111.72.m. Manuscript note: 'Pour le Roy d'Angleterre pour etre placédans le livre apres l'Estampe du Catafalque du Roy Frederic V'.
=985  \\$aRecord upgraded from Peter Hogg's catalogue 2019-08
=985  \\$aRecord amended for WR1606-1727
=CAT  \\$aW1909-0308$c20200407$lBLL01$h1025
=CAT  \\$aBATCH-UPD$b00$c20200407$lBLL01$h1026
=CAT  \\$a12240$b40$c20200407$lBLL01$h1037
=CAT  \\$aW2009-0364$c20200911$lBLL01$h1620
=CAT  \\$aBATCH-UPD$b00$c20200911$lBLL01$h1630
=CAT  \\$aW2009-0364$c20201002$lBLL01$h1549
=FIN  \\$aY$d20160516
=LEO  \\$aMP17.0000035636
=SRC  \\$aMAP01$bbibmp17.200404.2.aa
=LAS  \\$aW2009-0364$b00$c20201002$lBLL01$h1549

