=LDR  12431 km a2200985 i 4500
=001  004895838
=003  Uk
=005  20201002155023.0
=007  kj\bo\
=008  940110s1606\\\\it\nnn\\\\\\\\\\\\knita\\
=FMT  \\$a  VM
=019  4\$am10032004X
=019  \\$a2636
=034  0\$aa$dE0141456$eE0141459$fN0405012$gN0405008$2bound
=040  \\$aUk$beng$cUk$dUk$egihc
=100  1\$aFontana, Domenico,$d1543-1607,$earchitect,$epublisher.
=245  10$aDISEGNO D'VNA DELLE FACCIATE DEL REAL PALAZZO CHE SI FÀ NELLA CITTÀ DI NAPOLI IL QVALE NEL PRIMO PIANO È D'ORDINE DORICO, NEL SECONDO IONICO NEL TERZO CORINTIO CONJ LA PIANTA DELLA LOGGIA CH'È NELLA PRIMA ENTRATA COME QVI SI MOSTRA
=255  \\$aScale not determined.$c(E 14°14'56"--E 14°14'59"/N 40°50'12"--N 40°50'08").
=264  \1$a[Naples] :$b[Domenico Fontana],$c[1606]
=300  \\$a1 print :$betching ;$con three joined sheets
=336  \\$astill image$2rdacontent
=337  \\$aunmediated$2rdamedia
=338  \\$asheet$2rdacarrier
=500  \\$aAccording to a contractual document of 8 October 1605, this plate was commissioned by Fontana from the Dutch engraver Johannes Eillarts, who visited Naples as part of his stay in Rome between 1600 and 1612. In exchange for 45 Roman scudi, Eillarts was entrusted with reproducing one of Fontana's own drawings of the facade of the Palazzo Reale, across three royal-sized sheets of paper, and plans of the ground floor and the royal apartments. Fontana intended to have 500 sheets of the facade and 100 each of both floorplans, after which the plates were to remain with Eillarts; of these three, however, only the first and grandest was ever completed. Despite the failure of the entire project, this plate spawned several close derivatives, and the original itself remained in use well into the Settecento, when the inscriptions at the top were replaced by Domenico de' Rossi ahead of its appearance in his Studio d'architettura civile (1721). As the original contract stipulated that the finished plate should remain with Eillarts, it is possible that it entered the de Rossi firm in a sale, perhaps under Giovanni Giacomo. Today it survives in the collection of copper plates at the Istituto Nazionale per la Grafica, Rome.
=500  \\$aTitled 'Disegno d'una delle Facciate del Real Palazzo nella Citta di Napoli, da Dom. Fontana, 1606.' in the Catalogue of Maps, Prints, Drawings, etc., forming the geographical and topographical collection attached to the Library of his late Majesty King George the third, etc., London, 1829.
=510  4\$aP.C. Verde, Domenico Fontana a Napoli: 1592-1607, Naples, 2007, pp. 34-8.
=510  3\$aBritish Museum, Catalogue of Maps, Prints, Drawings, etc., forming the geographical and topographical collection attached to the Library of his late Majesty King George the third, etc., London, 1829.
=520  \\$aPlan and elevation of the facade of the Royal Palace in Naples, framed with an egg-and-dart moulding, with two inscriptions from the facade at the top, in between a description-cum title, and dedication to Philip II and III, signed and dated by Fontana to 20 June 1606.
=500  \\$a3 sheets.
=500  \\$aLettered throughout. upper left: ALLA MAESTÀ DEL CATOLICO RE FILIPPO III. / Hauendo la M.V. ordinato al Conte di Lemos che sia nel Cielo all' hora suo Vicere in questo Regno, che faces: / se fabricare in Napoli un Palazzo Reale con la magnificenza, ch' à si gran Monarca, alla Città, et al. / Regno si conueniua: mi cōmandò egli ch' io ne facessi i disegni, che furono uisti, e moderati dal marauiglioso in: / gegno della Contessa di Lemos Cameriera maggiore della M.V. e con essi all' opera si diede, principio; e / ne le reco ella copia ritornando alla sua Real Corte. Hora essendosi ridotta la fabrica sotto il felice go: / uerno del Conte di Benauente a sègno ch' in breue si potrà di [qua]lch parte di lei godere: Hò delibe: / rato di mādare alle stāpe i disegni: acciò che meglio si possino scorger[e] dalla M.V. e dal mōdo tutto, e con le / ginocchia chine humilissimamēte le fò riuerēza Di Napoli il di XX. giugno 1606. / Il Cau.ro Dom.co Fontana Architetto, & Ing:ro maggiore della M.V. in qto Regno; [upper right] DISEGNO D'VNA DELLEFACCIATE DEL REAL PALAZZO CHE / SI FÀ NELLACITTÀ DI NAPOLI IL QVALE NEL PRIMO PIANO / È D' ORDINE DORICO NEL SECONDO IONICO NEL TERZO CO / RINTIO CON LA PIANTA DELLA LOGGIA CH' È NELLA PRIMA EN: / TRATA COME QVI SI MOSTRA.
=510  4\$aThe print collection of Cassiano dal Pozzo : architecture, topography and military maps / Mark McDonald. Part C.II of The paper museum of Cassiano Dal Pozzo : a catalogue raisonné (3 volumes, Royal Collection Trust 2017),$cPart 2, vol. II, 2636
=520  8\$aThe print of the façade is dedicated to Philip III (b. 1578, reg. 1598-1621) and can be interpreted as Fontana's attempt to manipulate perception of his new project and regain favour in the eyes of the Spanish monarch, after his reputation had been damaged by a professional scandal (S. de Cavi, Architecture and Royal Presence: Domenico and Giulio Cesare Fontana in Spanish Naples (1592-1627), Newcastle Upon Tyne 2009, pp. 171-82). It records his original design, a wide façade with 21 windows and three storeys following the Doric, Ionic and Corinthian orders. One of the inscriptions, second from left at the top, intended for the panel (lettered A) to the left of the main portal, gives the foundation date of the building as 1602. By 1607 the south façade had reached the level of the second floor. The palace was not finished until the mid-nineteenth century and what survives today is very different from what Fontana planned, but certain elements of his design remain (see also C.J. Hernando Sánchez, 'Immagine e cerimonia: la corte vicereale di Napoli nella monarchia di Spagna', in Cerimoniale del viceregno spagnolo e austriaco di Napoli 1650-1717, A. Antonelli (ed.), Soveria Mannelli 2012, pp. 37-80, pp. 67-77). The beaded frame around this print is typical of other prints recording Fontana's projects that were engraved by Bonifacio da Sebenico. This engraving was meant to be included in the second volume of Della trasportatione dell'obelisco in which Fontana devotes a chapter to the palace (M.A. Fiadino, 'La facciata del palazzo reale di Napoli nell'incisone originale di Domenico Fontana', Palladio 16, 1995, pp. 127-30, p. 127) and the framing device was evidently used to provide a sense of continuity with earlier prints of Fontana's projects. The maker's name is not recorded on the print but a document published by Paola Carla Verde, in the Archivio di Stato in Naples and dated 8 October 1605, records a contract between Fontana and the Dutch printmaker Johannes Eillarts, who is known to have worked in Rome between 1600 and 1612 (P.C. Verde, 'L'originario e completo progetto di Domenico Fontana per il palazzo reale di Napoli', Quaderni dell'Istituto di Storia dell'Architettura 42, 2003, pp. 29-52, p. 31). Only two other impressions of this print are known: one in Madrid (Biblioteca Nacional, inv. 47230; see M.A. Fiadino, 'La facciata del palazzo reale di Napoli nell'incisone originale di Domenico Fontana', Palladio 16, 1995, pp. 127-30) and the other in Amsterdam (Rijksmuseum, BI-1957-653, fol. 114; see P. Fuhring, Ornament Prints in the Rijksmuseum II: The Seventeenth Century, J. Kilian and K. Kist (trans.), 3 vols, Studies in Prints and Printmaking 5, Rotterdam 2004, ii, 6852). The copper plate survives in the Istituto Centrale per la Grafica, Rome. The print has been backed with linen and its condition indicates that it was once folded four times to fit into a smaller album. A floor plan of the palace, also thought to have been engraved by Eillarts and published by Giovanni Giacomo de' Rossi around 1648, represents an expansion that was never carried out. The plan does not appear in the dal Pozzo collection (S. de Cavi, Architecture and Royal Presence: Domenico and Giulio Cesare Fontana in Spanish Naples (1592-1627), Newcastle Upon Tyne 2009, p. 173, fig. 76 and pp. 175-81). See: The print collection of Cassiano dal Pozzo : architecture, topography and military maps / Mark McDonald. Part C.II of The paper museum of Cassiano Dal Pozzo : a catalogue raisonné (3 volumes, Royal Collection Trust 2017).
=520  8\$aThis the first of two views of the façade of the Palazzo Reale in Naples, designed by Domenico Fontana as a viceregal residence alongside the old palace. Begun in 1599, the project was commissioned by the Viceroy Fernando Ruiz de Castro, 6th Count of Lemos (1548-1601), prompted by an impending visit to Naples by Philip III of Spain that never materialised. The project was also intended to restore the city's status as capital of the Kingdom of Naples for the Jubilee year of 1600 (S. de Cavi, Architecture and Royal Presence: Domenico and Giulio Cesare Fontana in Spanish Naples (1592-1627), Newcastle Upon Tyne 2009, p. 161). See: The print collection of Cassiano dal Pozzo : architecture, topography and military maps / Mark McDonald. Part C.II of The paper museum of Cassiano Dal Pozzo : a catalogue raisonné (3 volumes, Royal Collection Trust 2017).
=610  20$aPalazzo reale (Naples, Italy)$vPictorial works$vEarly works to 1800.
=655  \7$aCastles & palaces$vItaly$vNaples$y1600-1610.$2gmgpc
=651  \0$aNaples (Italy)$vPictorial works$vEarly works to 1800.
=600  07$aPhilip$bIII,$cKing of Spain,$d1578-1621$2fast$0(OCoLC)fst00166735
=650  \7$aChristianity$xCustoms and practices.$2fast$0(OCoLC)fst00859609
=651  \7$aItaly$zNaples.$2fast$0(OCoLC)fst01204441
=651  \7$aItaly$zRome.$2fast$0(OCoLC)fst01204500
=651  \7$aSpain.$2fast$0(OCoLC)fst01204303
=655  \7$aEtchings.$2fast$0(OCoLC)fst01986248
=690  \\$aCassiano dal Pozzo prints
=700  1\$aEillarts, Johannes,$dapproximately 1568-$eprintmaker.
=700  0\$aGeorge$bIII,$cKing of Great Britain,$d1738-1820,$eformer owner.$5Uk
=700  0\$aGeorge$bIV,$cKing of Great Britain,$d1762-1830,$edonor.$5Uk
=700  0\$aClement$bXI,$cPope,$d1649-1721,$eformer owner.$5Uk$0(isn)0000000449282491
=700  1\$aAlbani, Alessandro,$d1692-1779,$eformer owner.$5Uk$0(isni)/000000006631146X
=700  1\$aBenzoni, Anna Teresa,$d-1736,$eformer owner.$5Uk
=700  1\$aDal Pozzo, Carlo Antonio,$d1606-1689,$eformer owner.$5Uk$0http://id.loc.gov/authorities/names/no2017043993
=700  1\$aDal Pozzo, Cassiano,$d1588-1657,$eformer owner.$5Uk$0(isni)/0000000083451130
=700  1\$aDal Pozzo, Cosimo Antonio,$d1684-1740,$eformer owner.$5Uk
=700  1\$aDal Pozzo, Gabriele,$d1642-1695,$eformer owner.$5Uk
=856  41$3Copy at Maps K.Top.83.61.f.$uhttps://www.flickr.com/photos/britishlibrary/50262852623$yDigitised item$qCopy at Maps K.Top.83.61.f. Losses throughout.
=852  41$aBritish Library$bMAPS$jMaps K.Top.83.61.f.$qCopy at Maps K.Top.83.61.f. Losses throughout.
=985  \\$aRecord amended for WR1606-1727
=CAT  \\$aCONV$b00$c20040502$lBLL01$h1042
=CAT  \\$aglobal_upd$b40$c20060416$lBLL01$h1820
=CAT  \\$aBATCH-UPD$b40$c20090403$lBLL01$h1551
=CAT  \\$aMAP-BATCH$c20090415$lBLL01$h2203
=CAT  \\$aBATCH-UPD$b00$c20090915$lBLL01$h1100
=CAT  \\$aBATCH$b00$c20091205$lBLL01$h2222
=CAT  \\$aBATCH-UPD$b00$c20110602$lBLL01$h1222
=CAT  \\$aBATCH-UPD$b00$c20121128$lBLL01$h2140
=CAT  \\$aWR13_188$c20140208$lBLL01$h1234
=CAT  \\$aW1606-1727$c20160825$lBLL01$h1845
=CAT  \\$a14511$b40$c20180627$lBLL01$h1920
=CAT  \\$a14511$b40$c20180628$lBLL01$h1215
=CAT  \\$a14511$b40$c20180921$lBLL01$h1741
=CAT  \\$a14511$b40$c20180924$lBLL01$h1217
=CAT  \\$a14511$b40$c20180924$lBLL01$h1222
=CAT  \\$a14511$b40$c20180924$lBLL01$h1317
=CAT  \\$aBATCH-UPD$b40$c20180924$lBLL01$h1318
=CAT  \\$a14511$b40$c20180928$lBLL01$h1142
=CAT  \\$aW1907-1744$c20200514$lBLL01$h1721
=CAT  \\$aW1907-1744$c20200514$lBLL01$h1728
=CAT  \\$aBATCH-UPD$b00$c20200514$lBLL01$h1728
=CAT  \\$a12240$b40$c20200514$lBLL01$h1731
=CAT  \\$aW2009-0364$c20200911$lBLL01$h1621
=CAT  \\$aBATCH-UPD$b00$c20200911$lBLL01$h1647
=CAT  \\$aW2009-0364$c20201002$lBLL01$h1550
=FIN  \\$aY$d20180921
=LEO  \\$aMP17.0000100053
=SRC  \\$aMAP01$bbibmp17.200404.2.aa
=LAS  \\$aW2009-0364$b00$c20201002$lBLL01$h1550

