=LDR  12805cem a2201177 i 4500
=001  004908277
=003  Uk
=005  20230223160405.0
=007  aj\aanzn
=008  940111s1652\\\\fr\i\\\\\\a\\\\\1\\\fre\\
=FMT  \\$a  MP
=019  \\$a2574
=034  1\$aa$b5600$dE0021327$eE0022811$fN0485407$gN0484856$2bound
=040  \\$aUk$beng$cUk$dUk$erda
=042  \\$aukblsr
=082  04$a912.44361$223
=100  1\$aChastillon, Claude,$d1559 or 1560-1616,$ecartographer.
=245  10$aPLAN DE LA VILLE CITE VNIVERSITE ISLES ET FAVXBOVRGS DE PARIS :$bAVEC LE Proiect de la Nouuelle Closture ou Nouvelles Fortifications dicelle divisée par ses 16 Quartiers ou Colonelles avec les Noms des Officiers tant pour la Police que pour la Milice dedié a M.rs le Gouverneur et Prevost des Marchands de la ditte Ville.
=246  11$aPlan de la ville cite universite isles et fauxbourgs de Paris
=255  \\$aScale approximately 1:5,600$cE 2°13'27"-E 2°28'11"/N 48°54'07"-N 48°48'56".
=264  \1$aA Paris :$bChez Iean Boisseau Enlumineur du Roy pour les Cartes Geographiques sur le Pont Neuf a la Fontaine Royalle de Iouuance,$c1652.
=300  \\$a1 map :$bcopperplate engraving ;$c40.5 x 53 cm
=336  \\$acartographic image$2rdacontent
=337  \\$aunmediated$2rdamedia
=338  \\$asheet$2rdacarrier
=500  \\$aRelief shown pictorially.
=500  \\$aIncludes two coats of arms, dedications, index, list of city councillors and publication line inscribed on fringed draperies hanging from two columns and on their pedestals at left and right, title containing coat of arms above, further index at centre towards left and scale bar at bottom towards left.
=500  \\$aTwo views, also by Boisseau, pasted on verso (see Maps K.Top.64.19.a.).
=510  3\$aBritish Museum, Catalogue of Maps, Prints, Drawings, etc., forming the geographical and topographical collection attached to the Library of his late Majesty King George the third, etc
=520  \\$aTitled 'Plan de la Ville, Cité, Université, Isles, et Fauxbourgs de Paris, par I. Boisseau, 1652; avec les Vues des Statues de Henri le Grand et de Louis le Juste' in the Catalogue of Maps, Prints, Drawings, etc., forming the geographical and topographical collection attached to the Library of his late Majesty King George the third, etc, London, 1829.
=520  8\$aThis information has been transcribed from: The print collection of Cassiano dal Pozzo : architecture, topography and military maps / Mark McDonald. Part C.II of The paper museum of Cassiano Dal Pozzo : a catalogue raisonné (3 volumes, Royal Collection Trust 2019): The map is dedicated to the military leader François de L'Hospital (1583-1660), who was made Governor of Paris in 1649, and to Antoine Le Febvre de La Barre, prévôt des marchands (Provost Marshal). De l'Hospital was made Duke of Rosnay (promoted from Count) in August 1651 and the dedication thus presumably pre-dates his elevation. According to Martha Pollak, Jean Boisseau's plan was made in 1650 (Pollak 2010, p. 190). The British Library has an impression from the same plate published by Boisseau but dated 1650 and with much less lettering (BL, 16110[13]). The stated purpose of the map was to show the new fortifications planned for the city during a period of civil war in France (the Fronde; see the series commentary under C.I.675).
=500  \\$aThis information has been transcribed from: The print collection of Cassiano dal Pozzo : architecture, topography and military maps / Mark McDonald. Part C.II of The paper museum of Cassiano Dal Pozzo : a catalogue raisonné (3 volumes, Royal Collection Trust 2019): On the verso of the print are impressions of a pair of unsigned etchings of equestrian statues; on the left Louis XIII on the Place Royale (image 360 × 230 mm), on the right Henri IV on the Pont Neuf (image 360 × 230 mm; for another image of the statue, see C.I.1242). Both prints appear in Claude Chastillon's Topographie francoise ou representations de plusieurs villes, bourgs, chasteaux, maisons de plaisance, ruines & vestiges d'antiquité du royaume de France (Paris 1641; Bibliothèque Historique de la Ville de Paris, Rés.90.587). Later editions of the Topographie containing diff erent configurations of prints were published in 1648 and 1655. This work encompassed a vast number of engravings depicting fortresses, churches, monuments and so on (Boudon 1985; IFF [Chastillon]; see also 3045). Boisseau was both a printmaker and publisher who seems mainly to have produced maps ('enlumineur cartographe'; Préaud et al. 1987, pp. 56-7). Neither the equestrian portraits nor the plan of Paris are recorded in the inventory of prints in the Bibliothèque Nationale (IFF).
=510  4\$aThe Print Collection of Cassiano dal Pozzo: Architecture, Topography and Military Maps by Mark McDonald, Part C.II of The Paper Museum of Cassiano dal Pozzo: A Catalogue Raisonné (3 vols, Royal Collection Trust 2019),$cPart 2, 2574.
=500  \\$aLettered throughout. Across top: PLAN DE LA VILLE CITE VNIVERSITE / ISLES ET FAVGX BOVRGS DE PARIS AVEC LE / Proiect de la Nouuelle Closture ou Nouuelles Fortifications dicelle ...; [on curtain upper left] DEDIE A / Monseigneur / Monseigneur Mesire FRAN / COIS DE LHOSPITAL / Comte de Rozoy ... / ... par son / tres-humble tres Affectioné / et tres Obeissant seruiteur / IBOSSEAV // A Paris Chez Iean / Boisseau Enlumineur / du Roy pour les Cartes / Geographiques sur le / Pont Neuf a la / fontaine Royalle de / Iouuanee / 1652 // Auec Permission de M.rs les / Preuost des Marchands et / Escheuins de la Ville de / Paris.; [on curtain upper right] DE LA PREVOSTE DE / Messire ANTHOINE le FEBVRE / Conseiller du Roy en ses Conseils / dEstat et Priué et Cour de / Parlement [followed by lettered key]; [numbered key CL].
=510  4\$aThe print collection of Cassiano dal Pozzo : architecture, topography and military maps / Mark McDonald. Part C.II of The paper museum of Cassiano Dal Pozzo : a catalogue raisonné (3 volumes, Royal Collection Trust 2017),$cPart 2, vol. II, 2574
=520  8\$aThe map is dedicated to the military leader François de L'Hospital (1583-1660), who was made Governor of Paris in 1649, and to Antoine Le Febvre de La Barre, prévôt des march-ands (Provost Marshal). De l'Hospital was made Duke of Rosnay (promoted from Count) in August 1651 and the dedication thus presumably pre-dates his elevation. According to Martha Pollak, Jean Boisseau's plan was made in 1650 (M. Pollak, Cities at War in Early Modern Europe, Cambridge 2010, p. 190). The British Library has an impression from the same plate published by Boisseau but dated 1650 and with much less lettering (BL, 16110[13]). The stated purpose of the map was to show the new fortifications planned for the city during a period of civil war in France (the Fronde). On the verso of the print are impressions of a pair of unsigned etchings of equestrian statues; on the left Louis XIII on the Place Royale (image 360 × 230 mm), on the right Henri IV on the Pont Neuf (image 360 × 230 mm). Both prints appear in Claude Chastillon's Topographie francoise ou representations de plusieurs villes, bourgs, chasteaux, maisons de plaisance, ruines & vestiges d'antiquité du royaume de France (Paris 1641; Bibliothèque Historique de la Ville de Paris, Rés.90.587). Later editions of the Topographie containing different configurations of prints were published in 1648 and 1655. This work encompassed a vast number of engravings depicting fortresses, churches, monuments and so on (F. Boudon, 'La Topographie française de Claude Chastillion: Proposition pour une grille d'analyse de gravures', Les Cahiers de la recherche architecturale 18, 1985, pp. 54-65; Inventaire du Fonds Français après 1800, Bibliothèque Nationale, Département des Estampes, Paris 1930- [Chastillon]). Boisseau was both a printmaker and publisher who seems mainly to have produced maps ('enlumineur cartographe'; M. Préaud, P. Casselle, M. Grivel and C. Le Bitouzé, Dictionnaire des éditeurs d'estampes à Paris sous l'Ancien Régime, Paris 1987, pp. 56-7). Neither the equestrian portraits nor the plan of Paris are recorded in the inventory of prints in the Bibliothèque Nationale (Inventaire du Fonds Français après 1800, Bibliothèque Nationale, Département des Estampes, Paris 1930-). See: The print collection of Cassiano dal Pozzo : architecture, topography and military maps / Mark McDonald. Part C.II of The paper museum of Cassiano Dal Pozzo : a catalogue raisonné (3 volumes, Royal Collection Trust 2017).
=651  \0$aParis (France)$vMaps$vEarly works to 1800.
=650  \0$aStreets$zFrance$zParis$vMaps.
=600  07$aHenry$bIV,$cKing of France,$d1553-1610$2fast$0(OCoLC)fst00013764
=600  07$aLouis$bXIII,$cKing of France,$d1601-1643$2fast$0(OCoLC)fst00019561
=650  \7$aChristianity$xCustoms and practices.$2fast$0(OCoLC)fst00859609
=650  \7$aChurch buildings.$2fast$0(OCoLC)fst00860599
=650  \7$aFortification$2fast$0(OCoLC)fst00933024
=651  \7$aFrance$zParis.$2fast$0(OCoLC)fst01205283
=651  \7$aFrance.$2fast$0(OCoLC)fst01204289
=690  \\$aCassiano dal Pozzo prints
=655  \7$aEarly maps.$2fast$0(OCoLC)fst01752681
=655  \7$aEtchings.$2fast$0(OCoLC)fst01986248
=700  1\$aBoisseau, Jean,$dactive 1637-1658,$epublisher.
=700  1\$aL'Hospital, François de,$d1583-1660,$ededicatee.
=700  1\$aLefebvre, Antoine,$dactive 1650-1654,$ededicatee.
=787  0\$tPlan de la Ville, Cité, Université, Isles et Faugxbourgs de Paris avec le project de la nouvelle closture ou nouvelles fortifications dicelle ... Par ... J. Boisseau$w(Uk)MP17.0000110768$dParis, 1650
=700  1\$aDal Pozzo, Gabriele,$d1642-1695,$eformer owner.$5Uk
=700  1\$aDal Pozzo, Cosimo Antonio,$d1684-1740,$eformer owner.$5Uk
=700  1\$aBenzoni, Anna Teresa,$dd. 1736,$eformer owner.$5Uk
=700  0\$aClement$bXI,$cPope,$d1649-1721,$eformer owner.$5Uk$0http://id.loc.gov/authorities/names/n85089945
=700  1\$aAlbani, Alessandro,$d1692-1779,$eformer owner.$5Uk$0http://id.loc.gov/authorities/names/n81124455
=700  1\$aDal Pozzo, Cassiano,$d1588-1657,$eformer owner.
=700  0\$aGeorge$bIII,$cKing of Great Britain,$d1738-1820,$eformer owner.$5Uk
=700  0\$aGeorge$bIV,$cKing of Great Britain,$d1762-1830,$edonor.$5Uk
=700  0\$aClement$bXI,$cPope,$d1649-1721,$eformer owner.$5Uk$0(isn)0000000449282491
=700  1\$aAlbani, Alessandro,$d1692-1779,$eformer owner.$5Uk$0(isni)/000000006631146X
=700  1\$aBenzoni, Anna Teresa,$d-1736,$eformer owner.$5Uk
=700  1\$aDal Pozzo, Carlo Antonio,$d1606-1689,$eformer owner.$5Uk$0http://id.loc.gov/authorities/names/no2017043993
=700  1\$aDal Pozzo, Cassiano,$d1588-1657,$eformer owner.$5Uk$0(isni)/0000000083451130
=856  41$3Copy at Maps K.Top.64.19.$uhttps://www.flickr.com/photos/britishlibrary/50263847061$yDigitised item$qCopy at Maps K.Top.64.19. Stained throughout.
=852  41$aBritish Library$bMAPS$jMaps K.Top.64.19.$qCopy at Maps K.Top.64.19. Stained throughout.
=985  \\$a700/2=new
=985  \\$aDisaggregated record: Type B
=985  \\$aRecord amended for WR1606-1727
=985  \\$aUpdated by MS generated file for WR2302-017
=CAT  \\$aCONV$b00$c20040502$lBLL01$h1042
=CAT  \\$aglobal_upd$b40$c20060416$lBLL01$h1824
=CAT  \\$aBATCH-UPD$b40$c20090403$lBLL01$h1552
=CAT  \\$aMAP-BATCH$c20090415$lBLL01$h2203
=CAT  \\$aBATCH-UPD$b00$c20090915$lBLL01$h1143
=CAT  \\$aBATCH$b00$c20091205$lBLL01$h2227
=CAT  \\$aBATCH-UPD$b00$c20110602$lBLL01$h1224
=CAT  \\$aBATCH-UPD$b00$c20121128$lBLL01$h2145
=CAT  \\$aBATCH-UPD$b00$c20131122$lBLL01$h2023
=CAT  \\$aWR13_188$c20140208$lBLL01$h1234
=CAT  \\$aBATCH-UPD$b00$c20150310$lBLL01$h2131
=CAT  \\$aW1606-1727$c20160825$lBLL01$h1845
=CAT  \\$a14159$b40$c20170526$lBLL01$h1256
=CAT  \\$a14159$b40$c20170526$lBLL01$h1258
=CAT  \\$a14159$b40$c20170526$lBLL01$h1452
=CAT  \\$a5194$b40$c20180329$lBLL01$h0934
=CAT  \\$aBATCH-UPD$b40$c20180329$lBLL01$h0940
=CAT  \\$a12591$b40$c20190926$lBLL01$h1321
=CAT  \\$aW1907-1744$c20200514$lBLL01$h1721
=CAT  \\$aW1907-1744$c20200514$lBLL01$h1728
=CAT  \\$aBATCH-UPD$b00$c20200514$lBLL01$h1728
=CAT  \\$a12240$b40$c20200514$lBLL01$h1732
=CAT  \\$aW2009-0364$c20200911$lBLL01$h1622
=CAT  \\$aBATCH-UPD$b00$c20200911$lBLL01$h1651
=CAT  \\$aW2009-0364$c20201002$lBLL01$h1550
=CAT  \\$aW2302-0174$c20230223$lBLL01$h1951
=FIN  \\$aY$d20170526
=LEO  \\$aMP17.0000110768.1
=SRC  \\$aMAP01$bbibmp17.200404.2.aa
=LAS  \\$aW2302-0174$b00$c20230223$lBLL01$h1951

