=LDR  10313 km a2201009 i 4500
=001  004920520
=003  Uk
=005  20201002155048.0
=007  kj\bo\
=008  940112s1550\\\\it\nnn\\\\\\\\\\\\knita\\
=FMT  \\$a  VM
=019  4\$am120354071
=019  \\$a2604
=034  0\$aa$dE0122839$eE0122845$fN0415507$gN0415502$2bound
=040  \\$aUk$beng$cUk$dUk$erda$egihc
=042  \\$aukblsr
=082  04$a704.944455$223
=100  1\$aLafréry, Antoine,$d1512-1577,$epublisher.
=245  10$a[Plan of the Villa Giulia]
=255  \\$aScale not determined.$c(E 12°28'39"--E 12°28'45"/N 41°55'07"--N 41°55'02").
=264  \1$a[Rome] :$b[Antoine Lafréry]$c[1550s]
=300  \\$a1 print :$betching ;$csheet 41.3 x 29.9 cm (trimmed below platemark)
=336  \\$astill image$2rdacontent
=337  \\$aunmediated$2rdamedia
=338  \\$asheet$2rdacarrier
=500  \\$aThis is one of several prints of the Villa Giulia later incorporated into the Speculum Romanae Magnificentiae.
=500  \\$aTitled 'Pianta e Vedute di varii Palazzi di Roma. 9 foglie.' in the Catalogue of the Maps, Prints, Drawings, etc., forming the geographical and topographical collection attached to the Library of his late Majesty King George the third, etc., London, 1829.
=510  3\$aBritish Museum, Catalogue of Maps, Prints, Drawings, etc., forming the geographical and topographical collection attached to the Library of his late Majesty King George the third, etc., London, 1829
=520  \\$aArchitectural plan of the Villa Giulia, with the arms of Pope Julius III in the centre.
=500  \\$aMounting technique: To mount the print, a window was cut into the sheet a little smaller than the print intended for it and the print pasted on top. The aperture was cut with great precision, the edges of the aperture chamfered, and overlapped with the print by around 5 mm; the overlap was then burnished on the back so the print lay completely flat. Two ruled lines were then drawn in brown ink around the print.
=500  \\$aThe inscription in pen and brown ink on the slip of paper pasted to the present mount, 'Plans and views of various Roman palaces', suggests that this print may have been the first in an album devoted to Roman palaces. The hand is not that of Cassiano nor Carlo Antonio nor any of the recognisable hands working for them, and seems to be later than the seventeenth century. The same hand wrote the inscription on the plan and elevation of the Palazzo Barberini. The type A mounts of these prints nevertheless confirm their provenance. See: The print collection of Cassiano dal Pozzo : architecture, topography and military maps / Mark McDonald. Part C.II of The paper museum of Cassiano Dal Pozzo : a catalogue raisonné (3 volumes, Royal Collection Trust 2017).
=500  \\$aType A mount.$5Uk
=510  3\$aA. Bartsch 'Le Peintre-graveur', 21 volumes, Vienna, 1803-21 Rubach, Ant. Lafreri Formis Romae: Der Verleger Antonio Lafreri und seine Druckgraphikproduktion, Berlin 2016, no. 384
=510  3\$aC. Huelsen, 'Das Speculum Romanae Magnificentiae des Antonio Lafreri', in Collectanea Variae Doctrinae Leoni S. Olschki, Munich 1921, pp. 121-70, no. 167
=510  4\$aThe print collection of Cassiano dal Pozzo : architecture, topography and military maps / Mark McDonald. Part C.II of The paper museum of Cassiano Dal Pozzo : a catalogue raisonné (3 volumes, Royal Collection Trust 2017),$cPart 2, vol. II, 2604
=520  8\$aThis is the first of four prints all around the same size and relating to the Villa Giulia in Rome. It has been suggested that the present print formed part of the Speculum Romanae Magnificentiae, but Lafreri's name does not appear on any known impressions (Z. Zanchettin in R.J. Tuttle, B. Adorni, C.L. Frommel and C. Thoenes (eds), Jacopo Barozzi da Vignola, Milan 2002, pp. 187-8, no. 71). The coat of arms in the centre belongs to Pope Julius III, who commissioned the villa as a retreat on the edge of Rome. It was designed by Giacomo da Vignola and begun in 1550-51. The plan shows the villa as realised during Julius's pontificate (1550-55). Other elements of the villa were designed by Bartolomeo Ammannati and Giorgio Vasari (see Coffin 1979, pp. 152-8; C. Frommel in R.J. Tuttle, B. Adorni, C.L. Frommel and C. Thoenes (eds), Jacopo Barozzi da Vignola, Milan 2002, pp. 163-95). The dating of these four prints is not straightforward. Zanchettin (op. cit.) supports a date from the early years of the 1550s, that is, corresponding to the first phase of construction (in the top matter of his catalogue entry, however, the present print is dated 1559-1602). Huelsen (1921, p. 169) listed the prints at the end of his article on the Speculum, and identified one as the plate in a 1581 inventory of part of Claudio Duchetti's inheritance from Lafreri ('Fontana di Papa Giulio, foglio': F. Ehrle, Roma prima di Sisto V: la pianta di Roma du Pérac-Lafréry del 1577, Rome 1908, p. 46, no. 221), presumably the one showing the east side of the Nymphaeum. Valeria Pagani (2008 p. 15, no. 13) lists 'La fontana di papa giulio' as no. 13 in the inventory of the stock acquired from Stefano Duchetti by Paolo Graziani, made on 8 August 1581. This was most probably the plate with a view of the west side of the Nymphaeum. After Graziani, this plate went to Pietro de' Nobili (see BM, P&D, 1950,0211.67). Michael Bury suggests that the pair of Nymphaeum views were originally Lafreri's whereas Krista de Jonge suggests that because the prints are not listed in Lafreri's 1573 stocklist they may have been additions originated by Claudio Duchetti before his death in 1585 (K. de Jonge in J. Van Grieken, G. Luijten and J. Van der Stock (eds), Hieronymus Cock: The Renaissance in Print, exhib. cat., New Haven, Conn., and London 2013, p. 294, no. 80). There does not seem to be any mention in these documents of either the view of the Casino or the plan of the whole villa complex. In the inventory of the plates inherited by Duchetti and Giacomo Gherardi which passed to Rocco Lucidi in 1598 (V. Pagani, 'Inventari di rami Lafreri-Duchet, 1598-1599', in Ein privilegiertes Medium und die Bildkulturen Europas: deutsche, französische und niederländische Kupferstecher und Graphikverleger in Rom von 1590 bis 1630. Akten des Internationalen Studientages der Bibliotheca Hertziana, Rom 10-11 November 2008, E. Leuschner (ed.), Munich 2012, pp. 63-85 Pálffy 2009 G. Pálffy, The Kingdom of Hungary and the Habsburg Monarchy in the Sixteenth Century, T.J and H.D. DeKornfeld (transs), P. Pastor and I. Sanders (eds), CHSP Hungarian Studies Series 18, Boulder, Colo., 2009, p. 79, no. 92), we find 'Il Palazzo della Vigna di Papa Giulio reale', probably referring to 2607, in which case it is the earliest known reference to that plate. See: The print collection of Cassiano dal Pozzo : architecture, topography and military maps / Mark McDonald. Part C.II of The paper museum of Cassiano Dal Pozzo : a catalogue raisonné (3 volumes, Royal Collection Trust 2017).
=562  \\$aCopy at Maps K.Top.81.66.a. Inscribed in pen and ink on a piece of paper pasted onto the mount sheet: Pianta e Vedute di varii Palazzi di Roma.$5Uk
=610  20$aVilla di Papa Giulio III (Rome, Italy)$vPictorial works$vEarly works to 1800.
=650  \0$aCastles & palaces$zItaly$zRome$vPictorial works$vEarly works to 1800.
=651  \0$aRome (Italy)$vPictorial works$vEarly works to 1800.
=655  \7$aEtchings$zItaly$y1550-1560.$2gmgpc
=600  37$aBarberini family.$2fast$0(OCoLC)fst00266026
=650  \7$aChristianity$xCustoms and practices.$2fast$0(OCoLC)fst00859609
=650  \7$aCoffins.$2fast$0(OCoLC)fst00866423
=650  \7$aPopes.$2fast$0(OCoLC)fst01071262
=651  \7$aItaly$zRome.$2fast$0(OCoLC)fst01204500
=655  \7$aEngravings.$2fast$0(OCoLC)fst01986244
=655  \7$aEtchings.$2fast$0(OCoLC)fst01986248
=690  \\$aCassiano dal Pozzo prints
=700  1\$aDal Pozzo, Cassiano,$d1588-1657,$eformer owner.
=700  1\$aAlbani, Alessandro,$d1692-1779,$eformer owner.
=700  0\$aGeorge$bIII,$cKing of Great Britain,$d1738-1820,$eformer owner.$5Uk
=700  0\$aGeorge$bIV,$cKing of Great Britain,$d1762-1830,$edonor.$5Uk
=700  0\$aClement$bXI,$cPope,$d1649-1721,$eformer owner.$5Uk$0(isn)0000000449282491
=700  1\$aAlbani, Alessandro,$d1692-1779,$eformer owner.$5Uk$0(isni)/000000006631146X
=700  1\$aBenzoni, Anna Teresa,$d-1736,$eformer owner.$5Uk
=700  1\$aDal Pozzo, Carlo Antonio,$d1606-1689,$eformer owner.$5Uk$0http://id.loc.gov/authorities/names/no2017043993
=700  1\$aDal Pozzo, Cassiano,$d1588-1657,$eformer owner.$5Uk$0(isni)/0000000083451130
=700  1\$aDal Pozzo, Cosimo Antonio,$d1684-1740,$eformer owner.$5Uk
=700  1\$aDal Pozzo, Gabriele,$d1642-1695,$eformer owner.$5Uk
=856  41$3Copy at Maps K.Top.81.66.a.$uhttps://www.flickr.com/photos/britishlibrary/50263534696$yDigitised item$qCopy at Maps K.Top.81.66.a. Damaged lower left.
=852  41$aBritish Library$bMAPS$jMaps K.Top.81.66.a.$qCopy at Maps K.Top.81.66.a. Damaged lower left.
=985  \\$aRecord amended for WR1606-1727
=CAT  \\$aCONV$b00$c20040502$lBLL01$h1042
=CAT  \\$aglobal_upd$b40$c20060416$lBLL01$h1828
=CAT  \\$aBATCH-UPD$b40$c20090403$lBLL01$h1553
=CAT  \\$aMAP-BATCH$c20090415$lBLL01$h2204
=CAT  \\$aBATCH-UPD$b00$c20090915$lBLL01$h1203
=CAT  \\$aBATCH$b00$c20091205$lBLL01$h2232
=CAT  \\$aBATCH-UPD$b00$c20110602$lBLL01$h1227
=CAT  \\$aBATCH-UPD$b00$c20121128$lBLL01$h2150
=CAT  \\$aWR13_188$c20140208$lBLL01$h1234
=CAT  \\$aW1606-1727$c20160825$lBLL01$h1845
=CAT  \\$a14511$b40$c20180307$lBLL01$h1328
=CAT  \\$a14511$b40$c20180307$lBLL01$h1350
=CAT  \\$a14511$b40$c20180307$lBLL01$h1359
=CAT  \\$a14511$b40$c20180307$lBLL01$h1443
=CAT  \\$aW1907-1744$c20200514$lBLL01$h1721
=CAT  \\$aW1907-1744$c20200514$lBLL01$h1728
=CAT  \\$a12240$b40$c20200515$lBLL01$h0928
=CAT  \\$aW2009-0364$c20200911$lBLL01$h1622
=CAT  \\$aBATCH-UPD$b00$c20200911$lBLL01$h1654
=CAT  \\$aW2009-0364$c20201002$lBLL01$h1550
=FIN  \\$aY$d20180222
=LEO  \\$aMP17.0000121854
=SRC  \\$aMAP01$bbibmp17.200404.2.aa
=LAS  \\$aW2009-0364$b00$c20201002$lBLL01$h1550

