=LDR  06060 km a2200829 i 4500
=001  004921087
=003  Uk
=005  20201002155049.0
=007  kj\bo\
=008  940104s1662\\\\fr\nnn\\\\\\\\\\\\knfre\\
=FMT  \\$a  VM
=019  \\$a2581
=034  1\$aa$dE0010551$eE0010601$fN0492636$gN0492626$2bound
=040  \\$aUk$beng$cUk$dUk$erda
=042  \\$aukblsr
=082  7\$a912.44$2ddc
=245  00$aFace du Logis Abbatial de l'Abbaye Royale de St Ouen de Rouen ;$bLun Des Magnifiques Ouvrages Danloine Bohier ABbéde puis ARchevesque Bourges et Cardinal.
=255  \\$aScale not shown$c(E 1°05'51"--E 1°06'01"/N 49°26'36"--N 49°26'26").
=264  \1$a[Rouen ?] :$b[unidentified publisher],$c[1662 c.]
=300  \\$a1 print :$betching ;$cplatemark 41.4 x 57.3 cm
=336  \\$astill image$2rdacontent
=337  \\$aunmediated$2rdamedia
=338  \\$avolume$2rdacarrier
=500  \\$aView of the Abbey of St. Ouen, Rouen, the magnificently ornamented Gothic building with numerous pinnacles and carvings, a wall exending to the right. Three armorials above with a Latin title and verses below.
=500  \\$aTitled 'Face du Logis Abbatial de l'Abbaye Royale de St. Ouen de Rouen.' in the Catalogue of Maps, Prints, Drawings, etc., forming the geographical and topographical collection attached to the Library of his late Majesty King George the third, etc., London, 1829.
=510  3\$aBritish Museum, Catalogue of Maps, Prints, Drawings, etc., forming the geographical and topographical collection attached to the Library of his late Majesty King George the third, etc., London, 1829
=500  \\$aLettered across top: FACE DV LOGIS ABBATIAL DE L'ABBAYE ROYALE DE ST OVEN DE ROVEN / Lun Des Magnifiques Ouurages Dantoine Bohier ABbé depuis ARcheuesque d'Bourges et Cardinal; [upper centre] ... anno / 1662 F.F.P Benedict. congr SMauri; [two columns of verse lower centre]; [along bottom] REGALIS MONASTERII D AVDOENI ROTHOMAGENSIS DOMVS ABBATIALIS / Opus Anthonii Bohierii abbatis ac poste a Archiepiscopi Bituricensis ac S.R.E Cardinalis.
=510  4\$aThe print collection of Cassiano dal Pozzo : architecture, topography and military maps / Mark McDonald. Part C.II of The paper museum of Cassiano Dal Pozzo : a catalogue raisonné (3 volumes, Royal Collection Trust 2017),$cPart 2, vol. II, 2581
=520  8\$aThe house for the abbots of St-Ouen was built in 1503 for Antoine Bohier (c.1460-1519), who was abbot 1491-1515 and elevated to cardinal in 1517 (Gallia Christiana in provincias ecclesiasticas distributa, xi, Paris 1759, columns 153-4); his name is recorded on this print. In 1660, the abbey had been united to the congregation of St-Maur, and the print was commissioned by the Benedictines of that congregation in memory of Bohier's magnificent building. The coats of arms are those of the Abbey of St-Ouen, on the left; Cardinal Antoine Bohier, centre; and Emmanuel-Joseph de Vignerot du Plessis (1639-65), commendatory Abbot of St-Ouen 1653-65, on the right. Some details, including carriages at the lower centre, have been inexpertly burnished from the plate, indicating that this is a later state of the print. See: The print collection of Cassiano dal Pozzo : architecture, topography and military maps / Mark McDonald. Part C.II of The paper museum of Cassiano Dal Pozzo : a catalogue raisonné (3 volumes, Royal Collection Trust 2017).
=650  \7$aCathedrals$vPictorial works$z1680-1700.$2lcsh
=651  \7$aRouen (France)$vPictorial works$z1660-1670.$2gmgpc
=651  \7$aNormandy (France)$vPictorial works$z1660-1670.$2gmgpc
=655  \7$aEtchings$y1660-1670.$2gmgpc
=655  \7$aViews$y1660-1670.$2gmgpc
=650  \7$aChristianity$xCustoms and practices.$2fast$0(OCoLC)fst00859609
=655  \7$aEtchings.$2fast$0(OCoLC)fst01986248
=690  \\$aCassiano dal Pozzo prints
=700  0\$aGeorge$bIII,$cKing of Great Britain,$d1738-1820,$eformer owner.$5Uk
=700  0\$aGeorge$bIV,$cKing of Great Britain,$d1762-1830,$edonor.$5Uk
=700  0\$aClement$bXI,$cPope,$d1649-1721,$eformer owner.$5Uk$0(isn)0000000449282491
=700  1\$aAlbani, Alessandro,$d1692-1779,$eformer owner.$5Uk$0(isni)/000000006631146X
=700  1\$aBenzoni, Anna Teresa,$d-1736,$eformer owner.$5Uk
=700  1\$aDal Pozzo, Carlo Antonio,$d1606-1689,$eformer owner.$5Uk$0http://id.loc.gov/authorities/names/no2017043993
=700  1\$aDal Pozzo, Cassiano,$d1588-1657,$eformer owner.$5Uk$0(isni)/0000000083451130
=700  1\$aDal Pozzo, Cosimo Antonio,$d1684-1740,$eformer owner.$5Uk
=700  1\$aDal Pozzo, Gabriele,$d1642-1695,$eformer owner.$5Uk
=856  41$3Copy at Maps K.Top.68.75.b.$uhttps://www.flickr.com/photos/britishlibrary/50263957092$yDigitised item$qCopy at Maps K.Top.68.75.b. Trimmed at top, rubbed lower centre.
=852  41$aBritish Library$bMAPS$jMaps K.Top.68.75.b.$qCopy at Maps K.Top.68.75.b. Trimmed at top, rubbed lower centre.
=985  \\$aRecord amended for WR1606-1727
=CAT  \\$aCONV$b00$c20040502$lBLL01$h1042
=CAT  \\$aglobal_upd$b40$c20060416$lBLL01$h1828
=CAT  \\$aBATCH-UPD$b40$c20090403$lBLL01$h1553
=CAT  \\$aMAP-BATCH$c20090415$lBLL01$h2204
=CAT  \\$aBATCH-UPD$b00$c20090915$lBLL01$h1204
=CAT  \\$aBATCH$b00$c20091205$lBLL01$h2232
=CAT  \\$aBATCH-UPD$b00$c20110602$lBLL01$h1228
=CAT  \\$aBATCH-UPD$b00$c20121128$lBLL01$h2151
=CAT  \\$aWR13_188$c20140208$lBLL01$h1234
=CAT  \\$aW1606-1727$c20160825$lBLL01$h1846
=CAT  \\$a14508$b40$c20171010$lBLL01$h1052
=CAT  \\$a14508$b40$c20171010$lBLL01$h1104
=CAT  \\$a14508$b40$c20171010$lBLL01$h1106
=CAT  \\$aW1907-1744$c20200514$lBLL01$h1721
=CAT  \\$aW1907-1744$c20200514$lBLL01$h1728
=CAT  \\$a12240$b40$c20200515$lBLL01$h0930
=CAT  \\$aW2009-0364$c20200911$lBLL01$h1622
=CAT  \\$aBATCH-UPD$b00$c20200911$lBLL01$h1654
=CAT  \\$aW2009-0364$c20201002$lBLL01$h1550
=FIN  \\$aY$d20160516
=LEO  \\$aMP17.0000122432
=SRC  \\$aMAP01$bbibmp17.200404.2.aa
=LAS  \\$aW2009-0364$b00$c20201002$lBLL01$h1550

