=LDR  05785 km a2200913 i 4500
=001  004950595
=003  Uk
=005  20201002155111.0
=007  kj\bo\
=008  940114s1656\\\\it\nnn\\\\\\\\\\\\knita\\
=FMT  \\$a  VM
=019  4\$am140720022
=019  \\$a3228
=034  0\$aa$dE0083727$eE0084021$fN0450136$gN0450006$2bound
=040  \\$aUk$beng$cUk$dUk$erda$egihc
=041  0\$aita
=042  \\$aukblsr
=082  04$a704.455$223
=100  1\$aCollignon, François,$dapproximately 1610-1687,$eprintmaker,$epublisher.
=245  10$aVERO DISEGNO ET PIANTA DI VALENZA NEL ANNO 1656$cfranco: Collignon sculpsit Romæ con licentia de Superiori in Parione et si Vende da Horatio Marinaro. 1656.
=255  \\$aScale not determined.$c(E 8°37'27"--E 8°40'21"/N 45°01'36"--N 45°00'06").
=264  \1$a[Rome] :$b[Orazio Marinaro],$c[1656]
=300  \\$a1 print :$betching ;$csheet 30.8 x 43.2 cm (trimmed below platemark)
=336  \\$astill image$2rdacontent
=337  \\$aunmediated$2rdamedia
=338  \\$asheet$2rdacarrier
=500  \\$aThis print was engraved by Collignon in Rome, shortly before his death, where he had settled in 1646, after having spent a brief period there in the mid 1630s.
=500  \\$aTitled 'Vero Disegno et Pianta di Valenza nel anno 1656: da F. Collignon.' in the Catalogue of Maps, Prints, Drawings, etc., forming the geographical and topographical collection attached to the Library of his late Majesty King George the third, etc, London, 1829.
=510  3\$aBritish Museum, Catalogue of Maps, Prints, Drawings, etc., forming the geographical and topographical collection attached to the Library of his late Majesty King George the third, etc., London, 1829
=520  \\$aBird's eye view of the town of Valenza and its surrounding fortifications, taken from the other side of the River Po.
=500  \\$aKey numbering throughout.
=500  \\$aLettered across top: VERO DISEGNO ET PIANTA DI VALENZA NEL ANNO 1656.; [lower right] fran.co Collignon Sculsit Romæ / con licentia de Superiori in Parione / et si Vende da Horatio Marinaro. 1656.
=510  4\$aThe print collection of Cassiano dal Pozzo : architecture, topography and military maps / Mark McDonald. Part C.II of The paper museum of Cassiano Dal Pozzo : a catalogue raisonné (3 volumes, Royal Collection Trust 2017),$cPart 2, vol. III, 3228
=520  8\$aThe print evidently relates to the siege of Valenza (Piedmont) in July 1656 that ended in victory for the French, Savoyard and Modenese troops. A full account of the siege was written by Pier Antonio Soccini, L'Assedio di Valenza del Po dell'Anno 1656 (Turin 1657; BL, 795.f.27.4). The numbers on the print indicate that it was once accompanied by a key that has not survived with this impression. See: The print collection of Cassiano dal Pozzo : architecture, topography and military maps / Mark McDonald. Part C.II of The paper museum of Cassiano Dal Pozzo : a catalogue raisonné (3 volumes, Royal Collection Trust 2017).
=650  \7$aForts & fortifications$zItaly$zValenza$y1650-1660.$2lctgm
=651  \0$aValenza (Italy)$vPictorial works$vEarly works to 1800.
=655  \7$aEtchings$zItaly$zRome$y1650-1660.$2gmgpc
=650  \7$aChristianity$xCustoms and practices.$2fast$0(OCoLC)fst00859609
=650  \7$aSieges$2fast$0(OCoLC)fst01118188
=651  \7$aFrance.$2fast$0(OCoLC)fst01204289
=651  \7$aItaly$zTurin$2fast$0(OCoLC)fst01205152
=655  \7$aEtchings.$2fast$0(OCoLC)fst01986248
=690  \\$aCassiano dal Pozzo prints
=700  0\$aGeorge$bIII,$cKing of Great Britain,$d1738-1820,$eformer owner.$5Uk
=700  0\$aGeorge$bIV,$cKing of Great Britain,$d1762-1830,$edonor.$5Uk
=700  0\$aClement$bXI,$cPope,$d1649-1721,$eformer owner.$5Uk$0(isn)0000000449282491
=700  1\$aAlbani, Alessandro,$d1692-1779,$eformer owner.$5Uk$0(isni)/000000006631146X
=700  1\$aBenzoni, Anna Teresa,$d-1736,$eformer owner.$5Uk
=700  1\$aDal Pozzo, Carlo Antonio,$d1606-1689,$eformer owner.$5Uk$0http://id.loc.gov/authorities/names/no2017043993
=700  1\$aDal Pozzo, Cassiano,$d1588-1657,$eformer owner.$5Uk$0(isni)/0000000083451130
=700  1\$aDal Pozzo, Cosimo Antonio,$d1684-1740,$eformer owner.$5Uk
=700  1\$aDal Pozzo, Gabriele,$d1642-1695,$eformer owner.$5Uk
=856  41$3Copy at Maps K.Top.77.44.2.$uhttps://www.flickr.com/photos/britishlibrary/50263802592$yDigitised item$qCopy at Maps K.Top.77.44.2. Small losses along bottom.
=852  41$aBritish Library$bMAPS$jMaps K.Top.77.44.2.$qCopy at Maps K.Top.77.44.2. Small losses along bottom.
=985  \\$aRecord amended for WR1606-1727
=CAT  \\$aCONV$b00$c20040502$lBLL01$h1043
=CAT  \\$aglobal_upd$b40$c20060416$lBLL01$h1838
=CAT  \\$aBATCH-UPD$b40$c20090403$lBLL01$h1555
=CAT  \\$aMAP-BATCH$c20090415$lBLL01$h2204
=CAT  \\$aBATCH-UPD$b00$c20090915$lBLL01$h1221
=CAT  \\$aBATCH$b00$c20091205$lBLL01$h2242
=CAT  \\$aBATCH-UPD$b00$c20110602$lBLL01$h1233
=CAT  \\$aBATCH-UPD$b00$c20121128$lBLL01$h2201
=CAT  \\$aWR13_188$c20140208$lBLL01$h1235
=CAT  \\$aW1606-1727$c20160825$lBLL01$h1846
=CAT  \\$a14511$b40$c20171215$lBLL01$h1852
=CAT  \\$a14511$b40$c20171215$lBLL01$h1853
=CAT  \\$a14511$b40$c20180102$lBLL01$h1728
=CAT  \\$aW1907-1744$c20200514$lBLL01$h1721
=CAT  \\$aW1907-1744$c20200514$lBLL01$h1728
=CAT  \\$a12240$b40$c20200515$lBLL01$h0936
=CAT  \\$aW2009-0364$c20200911$lBLL01$h1622
=CAT  \\$aBATCH-UPD$b00$c20200911$lBLL01$h1659
=CAT  \\$aW2009-0364$c20201002$lBLL01$h1551
=CAT  \\$aBATCH-UPD$b00$c20201022$lBLL01$h2100
=FIN  \\$aY$d20171215
=LEO  \\$aMP17.0000148801
=SRC  \\$aMAP01$bbibmp17.200404.2.aa
=LAS  \\$aBATCH-UPD$b00$c20201022$lBLL01$h2100

