=LDR  07865 km a2201045 i 4500
=001  004950669
=003  Uk
=005  20201002155112.0
=007  kj\bo\
=008  940114q1600\\\\fr\nnn\\\\\\\\\\\\knfre\\
=FMT  \\$a  VM
=019  4\$am140726128
=019  \\$a3097
=034  0\$aa$dE0143009$eE0143119$fN0355437$gN0355354$2bound
=040  \\$aUk$beng$cUk$dUk$erda$egihc
=042  \\$aukblsr
=082  04$a704.94364585$223
=245  03$a[A View of Valletta].
=255  \\$aScale not given.$c(E 14°30'09"--E 14°31'19"/N 35°54'37"--N 35°53'54").
=264  \1$a[France?] :$b[publisher not identified],$c[around 1600?]
=300  \\$a1 print :$bengraving ;$c29 x 89 cm (trimmed below platemark)
=336  \\$astill image$2rdacontent
=337  \\$aunmediated$2rdamedia
=338  \\$asheet$2rdacarrier
=500  \\$aThis print was most likely published as an illustration to a book. The style of the engraving and appearance of Valletta date it to around 1600. It was certainly engraved before the 1680s, since it shows Fort St Elmo un-enclosed by a bastioned enceinte. The labels are written in French, suggesting a French hand.
=500  \\$aTitled 'A view of the town and island of Malta.' in the Catalogue of Maps, Prints, Drawings, etc., forming the geographical and topographical collection attached to the Library of his late Majesty King George the third, etc, London, 1829.
=510  3\$aBritish Museum, Catalogue of Maps, Prints, Drawings, etc., forming the geographical and topographical collection attached to the Library of his late Majesty King George the third, etc., London, 1829
=520  \\$aView of Valletta from the sea. Fort St Elmo can be seen to the left, Dragut Point to the right.
=500  \\$aLettered throughout. lower left: MER MEDITERANÉE.
=500  \\$aThe site has been incorrectly identifred as S. Elmo (Valletta) and placed in the binding relating to Malta.
=510  4\$aThe print collection of Cassiano dal Pozzo : architecture, topography and military maps / Mark McDonald. Part C.II of The paper museum of Cassiano Dal Pozzo : a catalogue raisonné (3 volumes, Royal Collection Trust 2017),$cPart 2, vol. III, 3097
=520  8\$aThe fort at Collioure in southern France, south east of Perpignan, had been built between 1538 and 1552 by Charles V. On 15 March 1642, the army of Louis XIII commanded by Philippe de La Mothe-Houdancourt laid siege to Collioure, then occupied by the Spanish. The French fleet blockaded the port, forcing the Spanish to surrender on 10 April (D. Parrott, Richelieu's Army: War, Government and Society in France, 1624-1642, Cambridge 2001, pp. 155-7). The siege was designed by Sébastien Pontault de Beaulieu, who probably also provided the drawing for the print. Pontault was a royal cartographer, military engineer and draughtsman (V. Meyer, 'Sébastien Pontault de Beaulieu et la levée du siège d'Arras', Nouvelles de l'estampe 178, 2001, pp. 7-23). His principal engineering works relating to the victories of Louis XIV were recorded in three volumes of prints by different printmakers based on his drawings, Les glorieuses conquestes de Louis le Grand, roy de France et de Navarre, ... (Paris 1694; BL, 198.i.4-6). These volumes were published by his niece at the end of the century but include much earlier prints, of which a number are found in the dal Pozzo collection. A further collection of military maps and plans by Beaulieu and others - including both drawings and miscellaneous prints - can be found in the British Library (Maps C.10.b.5; R. Shirley, Maps in the Atlases in the British Library: A Descriptive Catalogue c.AD 850-1800, 2 vols, London 2004, i, T.com-8a). The present view is the upper part of a larger print made up of four plates; the lower part has a second high oblique view of the same area showing the fortifications in orthogonal projection and the dal Pozzo impression now includes the title cartouche, scale bar and imprint, although these were printed from the two upper plates. The print was sold and probably also published by G. Hermant in Paris. See: The print collection of Cassiano dal Pozzo : architecture, topography and military maps / Mark McDonald. Part C.II of The paper museum of Cassiano Dal Pozzo : a catalogue raisonné (3 volumes, Royal Collection Trust 2017).
=650  \0$aHarbors$zMalta$zValletta$vPictorial works.
=650  \7$aCities & towns$zMalta$zValletta$y1600-1610.$2lctgm
=650  \7$aForts & fortifications$zMalta$zValletta$y1600-1610.$2lctgm
=651  \0$aValletta (Malta)$vPictorial works.
=655  \7$aViews$zMalta$zValletta$y1600-1610.$2gmgpc
=600  07$aCharles$bV,$cHoly Roman Emperor,$d1500-1558$2fast$0(OCoLC)fst00043382
=600  07$aLouis$bXIII,$cKing of France,$d1601-1643$2fast$0(OCoLC)fst00019561
=600  07$aLouis$bXIV,$cKing of France,$d1638-1715$2fast$0(OCoLC)fst00054217
=650  \7$aChristianity$xCustoms and practices.$2fast$0(OCoLC)fst00859609
=650  \7$aFortification$2fast$0(OCoLC)fst00933024
=650  \7$aSieges$2fast$0(OCoLC)fst01118188
=651  \7$aFrance$zCollioure$2fast$0(OCoLC)fst01219466
=651  \7$aFrance$zParis.$2fast$0(OCoLC)fst01205283
=651  \7$aFrance.$2fast$0(OCoLC)fst01204289
=651  \7$aMalta$2fast$0(OCoLC)fst01207170
=651  \7$aSpain.$2fast$0(OCoLC)fst01204303
=655  \7$aEtchings.$2fast$0(OCoLC)fst01986248
=690  \\$aCassiano dal Pozzo prints
=700  0\$aGeorge$bIII,$cKing of Great Britain,$d1738-1820,$eformer owner.$5Uk
=700  0\$aGeorge$bIV,$cKing of Great Britain,$d1762-1830,$edonor.$5Uk
=700  0\$aClement$bXI,$cPope,$d1649-1721,$eformer owner.$5Uk$0(isn)0000000449282491
=700  1\$aAlbani, Alessandro,$d1692-1779,$eformer owner.$5Uk$0(isni)/000000006631146X
=700  1\$aBenzoni, Anna Teresa,$d-1736,$eformer owner.$5Uk
=700  1\$aDal Pozzo, Carlo Antonio,$d1606-1689,$eformer owner.$5Uk$0http://id.loc.gov/authorities/names/no2017043993
=700  1\$aDal Pozzo, Cassiano,$d1588-1657,$eformer owner.$5Uk$0(isni)/0000000083451130
=700  1\$aDal Pozzo, Cosimo Antonio,$d1684-1740,$eformer owner.$5Uk
=700  1\$aDal Pozzo, Gabriele,$d1642-1695,$eformer owner.$5Uk
=856  41$3Copy at Maps K.Top.84.102.a.$uhttps://www.flickr.com/photos/britishlibrary/50263506431$yDigitised item$qCopy at Maps K.Top.84.102.a. Trimmed along bottom.
=852  41$aBritish Library$bMAPS$jMaps K.Top.84.102.a.$qCopy at Maps K.Top.84.102.a. Trimmed along bottom.
=985  \\$aCorrected by BSS-generated file
=985  \\$aRecord amended for WR1606-1727
=CAT  \\$aCONV$b00$c20040502$lBLL01$h1043
=CAT  \\$aglobal_upd$b40$c20060416$lBLL01$h1838
=CAT  \\$aBLSS-CORR$b00$c20080705$lBLL01$h1813
=CAT  \\$aBATCH-UPD$b00$c20090403$lBLL01$h1555
=CAT  \\$aMAP-BATCH$c20090415$lBLL01$h2204
=CAT  \\$aBATCH-UPD$b00$c20090915$lBLL01$h1221
=CAT  \\$aBATCH$b00$c20091205$lBLL01$h2242
=CAT  \\$aBATCH-UPD$b00$c20110602$lBLL01$h1233
=CAT  \\$aBATCH-UPD$b00$c20121128$lBLL01$h2201
=CAT  \\$aWR13_188$c20140208$lBLL01$h1235
=CAT  \\$aW1606-1727$c20160825$lBLL01$h1846
=CAT  \\$aSMITHF$b40$c20190708$lBLL01$h1036
=CAT  \\$aSMITHF$b40$c20190708$lBLL01$h1053
=CAT  \\$aSMITHF$b40$c20190708$lBLL01$h1054
=CAT  \\$aSMITHF$b40$c20190708$lBLL01$h1106
=CAT  \\$aSMITHF$b40$c20190708$lBLL01$h1305
=CAT  \\$aW1907-1744$c20200514$lBLL01$h1721
=CAT  \\$aW1907-1744$c20200514$lBLL01$h1728
=CAT  \\$aBATCH-UPD$b00$c20200514$lBLL01$h1728
=CAT  \\$a12240$b40$c20200515$lBLL01$h0938
=CAT  \\$aW2009-0364$c20200911$lBLL01$h1622
=CAT  \\$aBATCH-UPD$b00$c20200911$lBLL01$h1659
=CAT  \\$aW2009-0364$c20201002$lBLL01$h1551
=FIN  \\$aY
=LEO  \\$aMP17.0000148874
=SRC  \\$aMAP01$bbibmp17.200404.2.aa
=LAS  \\$aW2009-0364$b00$c20201002$lBLL01$h1551

