=LDR  04324ckm a2200673 i 4500
=001  018719143
=003  Uk
=005  20230726084835.0
=007  kj\bo\
=008  180130s1630\\\\fr\nnn\\\\\\\\\\\\knfre\\
=FMT  \\$a  VM
=019  \\$a2890
=040  \\$aUk$beng$cUk$dUk$erda$egihc
=041  0\$afre
=042  \\$aukblsr
=082  04$a912.45$223
=245  00$aPLAN DV FORT DE GELLASSE EN PIEMONT
=264  \1$a[Paris] :$b[publisher not identified],$c[c. 1630]
=300  \\$a1 map :$bcopperplate engraving ;$c36.1 x 52.9 cm
=336  \\$acartographic image$2rdacontent
=337  \\$aunmediated$2rdamedia
=338  \\$asheet$2rdacarrier
=500  \\$aTitled 'Plan eslevé de la Citadelle de Suze en Piemont. Profil de la Citadelle de Suze. Plan du Fort de Gellasse proche les Baricades de Suze.' in the Catalogue of Maps, Prints, Drawings, etc., forming the geographical and topographical collection attached to the Library of his late Majesty King George the third, etc., London, 1829.
=510  3\$aBritish Museum, Catalogue of Maps, Prints, Drawings, etc., forming the geographical and topographical collection attached to the Library of his late Majesty King George the third, etc., London, 1829
=520  \\$aView of the Fort de la Gallasse (Pian Gelassa, Susa), with a cartouche in the top left corner.
=546  \\$aFrench.
=500  \\$aLettered throughout. In cartouche upper left: PLAN DV / FORT DE GELLASE EN PIEMONT / Proche les baricade de Suze est le fort de Gellasse situé sur le haut / du rocher fort esleué ayant precipice de toute pars et entelle / façon qu on ny soroit monter que par lendroit A ... / ... il y a fort peu / de terre dans la place L fausse / porte.
=500  \\$aLothe (2008) suggests that the print might have been designed by the military engineer Jean de Beins.
=510  3\$aA. Blum, L'oeuvre gravé d'Abraham Bosse, Paris 1924, no. 925
=510  3\$aG. Duplessis, Catalogue de l'oeuvre d'Abraham Bosse, Paris 1859, no. 1260
=510  3\$aJ. Lothe, L'oeuvre gravé d'Abraham Bosse: graveur parisien du XVIIe siècle, Paris 2008, no. 129
=510  4\$aThe print collection of Cassiano dal Pozzo : architecture, topography and military maps / Mark McDonald. Part C.II of The paper museum of Cassiano Dal Pozzo : a catalogue raisonné (3 volumes, Royal Collection Trust 2017),$cPart 2, vol. III, 2890
=650  \7$aForts and fortifications$zItaly$zSusa$d1630-1640.$2lctgm
=651  \0$aSusa (Italy)$vMaps$vEarly works to 1800.
=650  \7$aChristianity$xCustoms and practices.$2fast$0(OCoLC)fst00859609
=655  \7$aEtchings.$2fast$0(OCoLC)fst01986248
=690  \\$aCassiano dal Pozzo prints
=700  0\$aGeorge$bIII,$cKing of Great Britain,$d1738-1820,$eformer owner.$5Uk
=700  0\$aGeorge$bIV,$cKing of Great Britain,$d1762-1830,$edonor.$5Uk
=700  0\$aClement$bXI,$cPope,$d1649-1721,$eformer owner.$5Uk$0(isn)0000000449282491
=700  1\$aAlbani, Alessandro,$d1692-1779,$eformer owner.$5Uk$0(isni)/000000006631146X
=700  1\$aBenzoni, Anna Teresa,$d-1736,$eformer owner.$5Uk
=700  1\$aDal Pozzo, Carlo Antonio,$d1606-1689,$eformer owner.$5Uk$0http://id.loc.gov/authorities/names/no2017043993
=700  1\$aDal Pozzo, Cassiano,$d1588-1657,$eformer owner.$5Uk$0(isni)/0000000083451130
=700  1\$aDal Pozzo, Cosimo Antonio,$d1684-1740,$eformer owner.$5Uk
=700  1\$aDal Pozzo, Gabriele,$d1642-1695,$eformer owner.$5Uk
=856  41$3Copy at Maps K.Top.76.50.c.$uhttps://www.flickr.com/photos/britishlibrary/50262972423$yDigitised item$qCopy at Maps K.Top.76.50.c. Losses upper left, lower left, small losses upper right and lower right.
=852  41$aBritish Library$bMAPS$jMaps K.Top.76.50.c.$qCopy at Maps K.Top.76.50.c. Losses upper left, lower left, small losses upper right and lower right.
=CAT  \\$a14511$b40$c20180130$lBLL01$h1831
=CAT  \\$a14511$b40$c20180417$lBLL01$h1024
=CAT  \\$aW1907-1744$c20200514$lBLL01$h1721
=CAT  \\$aW1907-1744$c20200514$lBLL01$h1728
=CAT  \\$a12240$b40$c20200515$lBLL01$h0939
=CAT  \\$aW2009-0364$c20200911$lBLL01$h1625
=CAT  \\$aBATCH-UPD$b00$c20200911$lBLL01$h1733
=CAT  \\$aW2009-0364$c20201002$lBLL01$h1554
=CAT  \\$a8874$b40$c20230726$lBLL01$h0848
=FIN  \\$aY$d20180417
=LAS  \\$a8874$b40$c20230726$lBLL01$h0848

