=LDR  05242 km a2200709 i 4500
=001  018782888
=003  Uk
=005  20201002155437.0
=008  180306s1590\\\\it\nnn\\\\\\\\\\\\knita\\
=FMT  \\$a  VM
=019  \\$a2623
=040  \\$aUk$beng$cUk$dUk$erda$egihc
=042  \\$aukblsr
=082  04$a704.944455$223
=100  1\$aBonifacio, Natale,$d1538-1592,$eprintmaker.
=245  11$a[Window from the Lateran Palace]
=264  \1$a[Rome] :$b[Domenico Basa],$c[1590]
=300  \\$a1 print :$betching ;$csheet 38.6 x 24.5 cm (trimmed below platemark)
=336  \\$astill image$2rdacontent
=337  \\$aunmediated$2rdamedia
=338  \\$asheet$2rdacarrier
=500  \\$aTitled 'Raccolta di varie Porte e Fontane di Roma.' in the Catalogue of the Maps, Prints, Drawings, etc., forming the geographical and topographical collection attached to the Library of his late Majesty King George the third, etc., London, 1829.
=510  3\$aBritish Museum, Catalogue of Maps, Prints, Drawings, etc., forming the geographical and topographical collection attached to the Library of his late Majesty King George the third, etc., London, 1829
=520  \\$aIllustration of the design of the triangular pedimented windows on the piano nobile of the Palazzo del Laterano.
=581  \\$aIllustration to: Della trasportatione dell'Obelisco Vaticano et delle fabriche di Nostro Signore Papa Sisto V fatte dal Cavalier Domenico Fontana Architetto di Suo Santita, Libro primo (In Roma : Apresso Domenico Basa, MDXC [1590]).
=500  \\$aLettered in centre: Questa è la forma delle finestre / del secondo piano del Palazzo / di S. Gio: disegnata in forma / grande per la medesima / cagione.; [upper right] 68.
=500  \\$aMounting technique: To mount the print, a window was cut into the sheet a little smaller than the print intended for it and the print pasted on top. The aperture was cut with great precision, the edges of the aperture chamfered, and overlapped with the print by around 5 mm; the overlap was then burnished on the back so the print lay completely flat. Two ruled lines were then drawn in brown ink around the print.
=500  \\$aSix prints with type A mounts were originally published in Domenico Fontana's Della trasportatione dell'obelisco Vaticano et delle fabriche di Nostro Signore Papa Sisto V (Rome 1590). Cassiano had more than one copy of this book, the plates from which were used to form different albums. All the prints catalogued here have faintly visible plate numbers in the upper left which have been burnished out and are now illegible. See: The print collection of Cassiano dal Pozzo : architecture, topography and military maps / Mark McDonald. Part C.II of The paper museum of Cassiano Dal Pozzo : a catalogue raisonné (3 volumes, Royal Collection Trust 2017).
=500  \\$aType A mount.$5Uk
=510  4\$aThe print collection of Cassiano dal Pozzo : architecture, topography and military maps / Mark McDonald. Part C.II of The paper museum of Cassiano Dal Pozzo : a catalogue raisonné (3 volumes, Royal Collection Trust 2017),$cPart 2, vol. II, 2623
=650  \0$aWindows$zItaly$zRome$vPictorial works$vEarly works to 1800.
=651  \0$aRome (Italy)$vPictorial works$vEarly works to 1800.
=655  \7$aEtchings$zItaly$y1590-1600.$2gmgpc
=650  \7$aChristianity$xCustoms and practices.$2fast$0(OCoLC)fst00859609
=651  \7$aItaly$zRome.$2fast$0(OCoLC)fst01204500
=655  \7$aEtchings.$2fast$0(OCoLC)fst01986248
=690  \\$aCassiano dal Pozzo prints
=700  1\$aDal Pozzo, Cassiano,$d1588-1657,$eformer owner.
=700  1\$aAlbani, Alessandro,$d1692-1779,$eformer owner.
=700  0\$aGeorge$bIII,$cKing of Great Britain,$d1738-1820,$eformer owner.$5Uk
=700  0\$aGeorge$bIV,$cKing of Great Britain,$d1762-1830,$edonor.$5Uk
=700  0\$aClement$bXI,$cPope,$d1649-1721,$eformer owner.$5Uk$0(isn)0000000449282491
=700  1\$aAlbani, Alessandro,$d1692-1779,$eformer owner.$5Uk$0(isni)/000000006631146X
=700  1\$aBenzoni, Anna Teresa,$d-1736,$eformer owner.$5Uk
=700  1\$aDal Pozzo, Carlo Antonio,$d1606-1689,$eformer owner.$5Uk$0http://id.loc.gov/authorities/names/no2017043993
=700  1\$aDal Pozzo, Cassiano,$d1588-1657,$eformer owner.$5Uk$0(isni)/0000000083451130
=700  1\$aDal Pozzo, Cosimo Antonio,$d1684-1740,$eformer owner.$5Uk
=700  1\$aDal Pozzo, Gabriele,$d1642-1695,$eformer owner.$5Uk
=856  41$3Copy at Maps K.Top.81.73.g.$uhttps://www.flickr.com/photos/britishlibrary/50263716267$yDigitised item$qCopy at Maps K.Top.81.73.g. Discoloured.
=852  41$aBritish Library$bMAPS$jMaps K.Top.81.73.g.$qCopy at Maps K.Top.81.73.g. Discoloured.
=CAT  \\$a14511$b40$c20180306$lBLL01$h0931
=CAT  \\$a14511$b40$c20180313$lBLL01$h1809
=CAT  \\$a14511$b40$c20180313$lBLL01$h1813
=CAT  \\$a14511$b40$c20180313$lBLL01$h1814
=CAT  \\$aW1907-1744$c20200514$lBLL01$h1721
=CAT  \\$aW1907-1744$c20200514$lBLL01$h1728
=CAT  \\$a12240$b40$c20200515$lBLL01$h0940
=CAT  \\$aW2009-0364$c20200911$lBLL01$h1625
=CAT  \\$aBATCH-UPD$b00$c20200911$lBLL01$h1733
=CAT  \\$aW2009-0364$c20201002$lBLL01$h1554
=FIN  \\$aY$d20180313
=LAS  \\$aW2009-0364$b00$c20201002$lBLL01$h1554

