=LDR  05050 km a2200673 i 4500
=001  018782900
=003  Uk
=005  20201002155438.0
=008  180306s1568\\\\it\nnn\\\\\\\\\\\\knita\\
=FMT  \\$a  VM
=019  \\$a2631
=040  \\$aUk$beng$cUk$dUk$erda$egihc
=042  \\$aukblsr
=082  04$a704.944455$223
=100  1\$aFaleti, Bartolomeo,$epublisher.
=245  10$aPORTAM PIAM A MICHAELIS ANGELI BONAROTI EXEMPLARI ACCVRATISSIME DELIENATAM ROMAE [M] D LXVIII
=264  \1$a[Rome] :$bex Typis Bart faleti$c[around 1568]
=300  \\$a1 print :$betching ;$ccombined sheet 32.1 x 31.6 cm (trimmed below platemark)
=336  \\$astill image$2rdacontent
=337  \\$aunmediated$2rdamedia
=338  \\$asheet$2rdacarrier
=500  \\$aTitled 'Raccolta di varie Porte e Fontane di Roma.' in the Catalogue of the Maps, Prints, Drawings, etc., forming the geographical and topographical collection attached to the Library of his late Majesty King George the third, etc., London, 1829.
=510  3\$aBritish Museum, Catalogue of Maps, Prints, Drawings, etc., forming the geographical and topographical collection attached to the Library of his late Majesty King George the third, etc., London, 1829
=520  \\$aFrontal elevation of the south side of Michelangelo's design for the Porta Pia.
=500  \\$aLettered upper right: PORTAM. PIAM. A. MICHAELIS. ANGELI / BONAROTI. EXEMPLARI. ACCVRATISSIME / DELINEATAM. ROMÆ. M.D.LXVIII; [on tablet in centre] PIVS. IIII. PONT. MAX / PORTAM. PIAM / SVBLATA. NOMENTANA. EXSTRVXIT / VIAM. PIAM / AEQVATA. ALTA. SEMITA. DVXIT; [lower right] ex Typis Bart. faleti.
=500  \\$aThe printmaker's name is not recorded on this print but Faleti's address appears on prints by Giovanni Battista de' Cavalieri, Sebastiano di Re and Etienne Dupérac (M. Bury, The Print in Italy 1550-1620, exhib. cat., British Museum, London, 2001, p. 226) and it seems likely that one of these was responsible for the engraving. Alberti assigns it to Dupérac. Faleti's print probably represents a study by Michelangelo prior to his final design for the gate (Argan/ Contardi 1993, p. 351). See: The print collection of Cassiano dal Pozzo : architecture, topography and military maps / Mark McDonald. Part C.II of The paper museum of Cassiano Dal Pozzo : a catalogue raisonné (3 volumes, Royal Collection Trust 2017).
=510  3\$aA. Alberti, D'après Michelangelo. Vol. II: La fortuna di Michelangelo nelle stampe del Cinquecento, Milan 2015, no. 363
=510  3\$aA. Bartsch 'Le Peintre-graveur', 21 volumes, Vienna, 1803-21 Barnes, Michelangelo in Print: Reproductions as Response in the Sixteenth Century, Farnham, Surrey, 2010, p. 202, no. 141
=510  4\$aThe print collection of Cassiano dal Pozzo : architecture, topography and military maps / Mark McDonald. Part C.II of The paper museum of Cassiano Dal Pozzo : a catalogue raisonné (3 volumes, Royal Collection Trust 2017),$cPart 2, vol. II, 2631
=650  \0$aGates$zItaly$zRome$vPictorial works$vEarly works to 1800.
=651  \0$aRome (Italy)$vPictorial works$vEarly works to 1800.
=655  \7$aEtchings$zItaly$y1560-1570.$2gmgpc
=650  \7$aChristianity$xCustoms and practices.$2fast$0(OCoLC)fst00859609
=655  \7$aEngravings.$2fast$0(OCoLC)fst01986244
=655  \7$aEtchings.$2fast$0(OCoLC)fst01986248
=690  \\$aCassiano dal Pozzo prints
=700  1\$aDal Pozzo, Cassiano,$d1588-1657,$eformer owner.
=700  1\$aAlbani, Alessandro,$d1692-1779,$eformer owner.
=700  0\$aGeorge$bIII,$cKing of Great Britain,$d1738-1820,$eformer owner.$5Uk
=700  0\$aGeorge$bIV,$cKing of Great Britain,$d1762-1830,$edonor.$5Uk
=700  0\$aClement$bXI,$cPope,$d1649-1721,$eformer owner.$5Uk$0(isn)0000000449282491
=700  1\$aAlbani, Alessandro,$d1692-1779,$eformer owner.$5Uk$0(isni)/000000006631146X
=700  1\$aBenzoni, Anna Teresa,$d-1736,$eformer owner.$5Uk
=700  1\$aDal Pozzo, Carlo Antonio,$d1606-1689,$eformer owner.$5Uk$0http://id.loc.gov/authorities/names/no2017043993
=700  1\$aDal Pozzo, Cassiano,$d1588-1657,$eformer owner.$5Uk$0(isni)/0000000083451130
=700  1\$aDal Pozzo, Cosimo Antonio,$d1684-1740,$eformer owner.$5Uk
=700  1\$aDal Pozzo, Gabriele,$d1642-1695,$eformer owner.$5Uk
=856  41$3Copy at Maps K.Top.81.73.p.$uhttps://www.flickr.com/photos/britishlibrary/50263531081$yDigitised item$qCopy at Maps K.Top.81.73.p. Losses upper left, stained upper right.
=852  41$aBritish Library$bMAPS$jMaps K.Top.81.73.p.$qCopy at Maps K.Top.81.73.p. Losses upper left, stained upper right.
=CAT  \\$a14511$b40$c20180306$lBLL01$h0945
=CAT  \\$a14511$b40$c20180320$lBLL01$h1632
=CAT  \\$aW1907-1744$c20200514$lBLL01$h1721
=CAT  \\$aW1907-1744$c20200514$lBLL01$h1728
=CAT  \\$a12240$b40$c20200515$lBLL01$h0942
=CAT  \\$aW2009-0364$c20200911$lBLL01$h1625
=CAT  \\$aBATCH-UPD$b00$c20200911$lBLL01$h1733
=CAT  \\$aW2009-0364$c20201002$lBLL01$h1554
=FIN  \\$aY$d20180314
=LAS  \\$aW2009-0364$b00$c20201002$lBLL01$h1554

