=LDR  04808 km a2200685 i 4500
=001  018789181
=003  Uk
=005  20201002155438.0
=008  180307s1550\\\\it\nnn\\\\\\\\\\\\knita\\
=FMT  \\$a  VM
=019  \\$a2611
=040  \\$aUk$beng$cUk$dUk$erda$egihc
=042  \\$aukblsr
=082  04$a704.944455$223
=100  1\$aLafréry, Antoine,$d1512-1577,$epublisher.
=245  10$aAlberinorum Romæ domus, ob singularem Bramantis Architecti Florentini, sui seculi miraculi, in ea disponenda atq distribuenda diligentia, ad posteritatem reservata imago.
=264  \1$a[Rome] :$b[Antoine Lafréry],$c[around 1550]
=300  \\$a1 print :$betching ;$csheet 32.2 x 48.0 cm (trimmed below platemark)
=336  \\$astill image$2rdacontent
=337  \\$aunmediated$2rdamedia
=338  \\$asheet$2rdacarrier
=500  \\$aThis print was later incorporated into the Speculum Romanae Magnificentiae.
=500  \\$aTitled 'Pianta e Vedute di varii Palazzi di Roma. 9 foglie.' in the Catalogue of the Maps, Prints, Drawings, etc., forming the geographical and topographical collection attached to the Library of his late Majesty King George the third, etc., London, 1829.
=510  3\$aBritish Museum, Catalogue of Maps, Prints, Drawings, etc., forming the geographical and topographical collection attached to the Library of his late Majesty King George the third, etc., London, 1829
=520  \\$aIllustration of the exterior of the Palazzo Alberini, Rome.
=500  \\$aLettered lower centre: Alberinorum Romæ Domus, ob singularem Bramantis Architecti Florentini, sui se- / culi miraculi, in ea disponenda atque distribuenda diligentiā, / ad posteritatem reseruata imago.
=500  \\$aMounting technique: To mount the print, a window was cut into the sheet a little smaller than the print intended for it and the print pasted on top. The aperture was cut with great precision, the edges of the aperture chamfered, and overlapped with the print by around 5 mm; the overlap was then burnished on the back so the print lay completely flat. Two ruled lines were then drawn in brown ink around the print.
=500  \\$aThe print appears in Lafreri's stocklist of 1573.
=500  \\$aType A mount.$5Uk
=510  3\$aA. Bartsch 'Le Peintre-graveur', 21 volumes, Vienna, 1803-21 Rubach, Ant. Lafreri Formis Romae: Der Verleger Antonio Lafreri und seine Druckgraphikproduktion, Berlin 2016, no. 379.ii
=510  3\$aC. Huelsen, 'Das Speculum Romanae Magnificentiae des Antonio Lafreri', in Collectanea Variae Doctrinae Leoni S. Olschki, Munich 1921, pp. 121-70, no. 106a
=510  4\$aThe print collection of Cassiano dal Pozzo : architecture, topography and military maps / Mark McDonald. Part C.II of The paper museum of Cassiano Dal Pozzo : a catalogue raisonné (3 volumes, Royal Collection Trust 2017),$cPart 2, vol. II, 2611
=650  \0$aCastles & palaces$zItaly$zRome$vPictorial works$vEarly works to 1800.
=651  \0$aRome (Italy)$vPictorial works$vEarly works to 1800.
=655  \7$aEtchings$zItaly$y1540-1550.$2gmgpc
=650  \7$aChristianity$xCustoms and practices.$2fast$0(OCoLC)fst00859609
=655  \7$aEngravings.$2fast$0(OCoLC)fst01986244
=690  \\$aCassiano dal Pozzo prints
=700  1\$aDal Pozzo, Cassiano,$d1588-1657,$eformer owner.
=700  1\$aAlbani, Alessandro,$d1692-1779,$eformer owner.
=700  0\$aGeorge$bIII,$cKing of Great Britain,$d1738-1820,$eformer owner.$5Uk
=700  0\$aGeorge$bIV,$cKing of Great Britain,$d1762-1830,$edonor.$5Uk
=700  0\$aClement$bXI,$cPope,$d1649-1721,$eformer owner.$5Uk$0(isn)0000000449282491
=700  1\$aAlbani, Alessandro,$d1692-1779,$eformer owner.$5Uk$0(isni)/000000006631146X
=700  1\$aBenzoni, Anna Teresa,$d-1736,$eformer owner.$5Uk
=700  1\$aDal Pozzo, Carlo Antonio,$d1606-1689,$eformer owner.$5Uk$0http://id.loc.gov/authorities/names/no2017043993
=700  1\$aDal Pozzo, Cassiano,$d1588-1657,$eformer owner.$5Uk$0(isni)/0000000083451130
=700  1\$aDal Pozzo, Cosimo Antonio,$d1684-1740,$eformer owner.$5Uk
=700  1\$aDal Pozzo, Gabriele,$d1642-1695,$eformer owner.$5Uk
=856  41$3Copy at Maps K.Top.81.66.h.$uhttps://www.flickr.com/photos/britishlibrary/50263533976$yDigitised item$qCopy at Maps K.Top.81.66.h. Loss lower left.
=852  41$aBritish Library$bMAPS$jMaps K.Top.81.66.h.$qCopy at Maps K.Top.81.66.h. Loss lower left.
=CAT  \\$a14511$b40$c20180307$lBLL01$h1624
=CAT  \\$aW1907-1744$c20200514$lBLL01$h1721
=CAT  \\$aW1907-1744$c20200514$lBLL01$h1728
=CAT  \\$a12240$b40$c20200515$lBLL01$h0943
=CAT  \\$aW2009-0364$c20200911$lBLL01$h1625
=CAT  \\$aBATCH-UPD$b00$c20200911$lBLL01$h1733
=CAT  \\$aW2009-0364$c20201002$lBLL01$h1554
=FIN  \\$aY$d20180307
=LAS  \\$aW2009-0364$b00$c20201002$lBLL01$h1554

