=LDR  05008 am a2200733 i 4500
=001  018808649
=003  Uk
=005  20201002155439.0
=008  180321s1612\\\\it\\\\\\\\\\\\000\0\lat\\
=FMT  \\$a  BK
=019  \\$a2616
=040  \\$aUk$beng$cUk$dUk$erda$egihc
=041  0\$aita
=042  \\$aukblsr
=082  04$a704.45$223
=100  1\$aDe Angelis, Paolo,$d1580-1647,$eauthor.
=245  10$a[Index to Pontificarum Aedium Hortorumque Quirinalium...]
=264  \1$a[ROMAE] :$b[Apud Iacobum Moscardum],$c[MDCXII]
=300  \\$a1 sheet :$bletterpress ;$con multiple glued sheets, combined 24.0 x 24.2 cm (at greatest extent)
=336  \\$atext$2rdacontent
=337  \\$aunmediated$2rdamedia
=338  \\$asheet$2rdacarrier
=510  3\$aBritish Museum, Catalogue of Maps, Prints, Drawings, etc., forming the geographical and topographical collection attached to the Library of his late Majesty King George the third, etc., London, 1829
=520  \\$aIndex to accompany Giovanni Maggi's large print of the Quirinal gardens (Maps K.Top.81.72.b.), rearranged into a square format, with the title, printer's ornaments and imprint removed. This was often pasted to the bottom of the print - see, for example, the copy in the Biblioteca Marucelliana, Florence (inv. CVI, 128).
=500  \\$a6 sheets.
=500  \\$aLettered throughout: 1 INterioris Atrij Cancelli. ... / 93 Curruum receptacula.
=500  \\$aMounting technique: To mount the print, a window was cut into the sheet a little smaller than the print intended for it and the print pasted on top. The aperture was cut with great precision, the edges of the aperture chamfered, and overlapped with the print by around 5 mm; the overlap was then burnished on the back so the print lay completely flat. Two ruled lines were then drawn in brown ink around the print.
=500  \\$aTwo prints by Maggi showing Rome following the renovations of Paul V bear texts by Abbot Paolo de Angelis, author of the Basilicae S. Mariae Maioris de Urbe ... descriptio et delinatio. A specialist in publications about Rome, Angelis was also the author of the Basilicae veteris vaticanae descriptio ... (BL, 1487.k.5). See: The print collection of Cassiano dal Pozzo : architecture, topography and military maps / Mark McDonald. Part C.II of The paper museum of Cassiano Dal Pozzo : a catalogue raisonné (3 volumes, Royal Collection Trust 2017).
=500  \\$aType A mount.$5Uk
=510  4\$aThe print collection of Cassiano dal Pozzo : architecture, topography and military maps / Mark McDonald. Part C.II of The paper museum of Cassiano Dal Pozzo : a catalogue raisonné (3 volumes, Royal Collection Trust 2017),$cPart 2, vol. II, 2616
=651  \0$aRome (Italy)$vEarly works to 1800.
=600  07$aPaul$bV,$cPope,$d1552-1621$2fast$0(OCoLC)fst00165205
=610  27$aBasilica di San Pietro in Vaticano$2fast$0(OCoLC)fst00553835
=610  27$aSanta Maria Maggiore (Church : Rome, Italy)$2fast$0(OCoLC)fst00648509
=650  \7$aChristianity$xCustoms and practices.$2fast$0(OCoLC)fst00859609
=651  \7$aItaly$zRome.$2fast$0(OCoLC)fst01204500
=690  \\$aCassiano dal Pozzo prints
=700  1\$aDal Pozzo, Cassiano,$d1588-1657,$eformer owner.
=700  1\$aAlbani, Alessandro,$d1692-1779,$eformer owner.
=700  0\$aGeorge$bIII,$cKing of Great Britain,$d1738-1820,$eformer owner.$5Uk
=700  0\$aGeorge$bIV,$cKing of Great Britain,$d1762-1830,$edonor.$5Uk
=700  0\$aClement$bXI,$cPope,$d1649-1721,$eformer owner.$5Uk$0(isn)0000000449282491
=700  1\$aAlbani, Alessandro,$d1692-1779,$eformer owner.$5Uk$0(isni)/000000006631146X
=700  1\$aBenzoni, Anna Teresa,$d-1736,$eformer owner.$5Uk
=700  1\$aDal Pozzo, Carlo Antonio,$d1606-1689,$eformer owner.$5Uk$0http://id.loc.gov/authorities/names/no2017043993
=700  1\$aDal Pozzo, Cassiano,$d1588-1657,$eformer owner.$5Uk$0(isni)/0000000083451130
=700  1\$aDal Pozzo, Cosimo Antonio,$d1684-1740,$eformer owner.$5Uk
=700  1\$aDal Pozzo, Gabriele,$d1642-1695,$eformer owner.$5Uk
=856  41$3Copy at Maps K.Top.81.72.b.$uhttps://www.flickr.com/photos/britishlibrary/50262872683$yDigitised item$qCopy at Maps K.Top.81.72.b. Trimmed irregularly at bottom.
=852  41$aBritish Library$bMAPS$jMaps K.Top.81.72.b.$qCopy at Maps K.Top.81.72.b. Trimmed irregularly at bottom.
=CAT  \\$a14511$b40$c20180321$lBLL01$h1732
=CAT  \\$a14511$b40$c20180323$lBLL01$h1028
=CAT  \\$a14511$b40$c20180323$lBLL01$h1403
=CAT  \\$a14511$b40$c20180323$lBLL01$h1404
=CAT  \\$a12591$b40$c20190926$lBLL01$h1838
=CAT  \\$aW1907-1744$c20200514$lBLL01$h1721
=CAT  \\$aW1907-1744$c20200514$lBLL01$h1728
=CAT  \\$aBATCH-UPD$b00$c20200514$lBLL01$h1728
=CAT  \\$a12240$b40$c20200515$lBLL01$h0944
=CAT  \\$aW2009-0364$c20200911$lBLL01$h1625
=CAT  \\$aBATCH-UPD$b00$c20200911$lBLL01$h1734
=CAT  \\$aW2009-0364$c20201002$lBLL01$h1554
=FIN  \\$aY$d20180223
=LAS  \\$aW2009-0364$b00$c20201002$lBLL01$h1554

