=LDR  02045 am a2200469 a 4500
=001  002337481
=003  Uk
=005  20140115173418.0
=008  890426s1810\\\\enk\\\\||\\\\o0||\0|eng\\
=FMT  \\$a  BK
=019  x\$a2072420326
=040  \\$aUk$beng$cUk
=043  \\$aa-ii---
=245  02$aA short narrative of the circumstances attending the late trials in the Supreme Court of Judicature at Madras :$bfor forgery, perjury, and conspiracy to cheat, with some comments on the unjustifiable allusions made to them in the recent official pamphlet in defence of the Madras Government.
=260  \\$aLondon :$bJ. Ridgway,$c1810.
=300  \\$aii, 98 p. ;$c22 cm.
=336  \\$atext$2rdacontent
=337  \\$aunmediated$2rdamedia
=338  \\$avolume$2rdacarrier
=600  10$aReddy Row, Roya$vTrials, litigation, etc.
=600  10$aBarlow, George Hilaro,$d1762-1846$vTrials, litigation, etc.
=650  \0$aTrials (Forgery)$zIndia$zChennai.
=710  1\$aMadras (India : Presidency).$bHigh Court of Judicature.
=856  40$uhttp://galenet.galegroup.com/servlet/MMLT?af=RN&ae=Q4200497830&srchtp=a&ste=14&locID=ucblaw_boalt$zFull text available via Making of Modern Law : Trials
=856  41$uhttp://books.google.com/books?vid=BL:A0017585345$yGoogle_Books
=852  41$aBritish Library$bHMNTS$j05319.g.48.
=852  41$aBritish Library$bOC$jTr. 331(a)
=852  41$aBritish Library$bOC$jTr. 193(a)
=985  \\$aCorrected by BSS-generated file
=985  \\$aCorrected by BSS-generated file for WR# 11/216
=CAT  \\$aCONV$b00$c20040502$lBLL01$h0940
=CAT  \\$aBLSS-CORR$b00$c20080705$lBLL01$h1737
=CAT  \\$aBATCH$b00$c20091129$lBLL01$h0349
=CAT  \\$aBLSS-CORR$b00$c20120203$lBLL01$h1646
=CAT  \\$a11837$b40$c20130624$lBLL01$h1121
=CAT  \\$a4039$b40$c20140115$lBLL01$h1734
=CAT  \\$aWR14_057$b00$c20140606$lBLL01$h2013
=CAT  \\$aWR14_057$c20140610$lBLL01$h1606
=FIN  \\$aY
=LEO  \\$aMP1.0002475983
=SRC  \\$aBLS01$bbibmp1.200404.2.ac
=LAS  \\$aWR14_057$b00$c20140610$lBLL01$h1606

