=LDR  03273cam a2200613 i 4500
=001  018243370
=003  Uk
=005  20190311112614.0
=008  170601s2016\\\\sz\a\\\\\b\\\i000\0\eng\d
=FMT  \\$a  BK
=010  \\$a  2017367572
=020  \\$a9789241549912$qpaperback
=020  \\$a9241549912$qpaperback
=035  \\$a(OCoLC)ocn972731826
=035  \\$a(OCoLC)972731826$z(OCoLC)973744531$z(OCoLC)973805997$z(OCoLC)973903883
=040  \\$aSINUS$beng$cSINUS$dOCLCO$dBTCTA$dCUX$dOCLCO$dOCLCF$dYDX$dIXA$dUV0$dOCLCO$dEYM$dCRU$dOCLCO$dCASUM$dCOD$dOCLCA$dDLC$dUk$erda
=042  \\$aukblcatcopy
=050  00$aRA8.A3$bW46 2016
=060  00$aWQ 175
=082  04$a618.20019$223
=110  2\$aWorld Health Organization,$eauthor.
=245  10$aWHO recommendations on antenatal care for a positive pregnancy experience /$cWorld Health Organization.
=246  3\$aWorld Health Organization recommendations on antenatal care for a positive pregnancy experience
=264  \1$aGeneva :$bWorld Health Organization,$c[2016]
=300  \\$a152 pages :$billustrations ;$c30 cm
=336  \\$atext$btxt$2rdacontent
=337  \\$aunmediated$bn$2rdamedia
=338  \\$avolume$bnc$2rdacarrier
=504  \\$aIncludes bibliographical references.
=520  3\$aWithin the continuum of reproductive health care, antenatal care (ANC) provides a platform for important healthcare functions, including health promotion, screening and diagnosis, and disease prevention. It has been established that, by implementing timely and appropriate evidence-based practices, ANC can save lives. Endorsed, by the UN Secretary-General, this is a comprehensive WHO guideline on routine ANC for pregnant women and adolescent girls. It aims to complement existing WHO guidelines on the management of specific pregnancy-related complications. The guidance aims to capture the complex nature of the issues surrounding ANC health care practices and delivery, and to prioritize person-centred health and well-being, not only the prevention of death and morbidity, in accordance with a human rights-based approach.
=650  \0$aPregnancy$xPsychological aspects.
=650  12$aPrenatal Care.
=650  22$aHealth Planning Guidelines.
=650  22$aPatient-Centered Care.
=650  22$aPregnancy Outcome.
=650  02$aFemale.
=650  02$aPregnancy.
=655  \4$aFulltext.
=655  \4$aGovernment Publications, International.
=655  \4$aIndex not Present.
=655  \4$aInternet Resources.
=650  \7$aPregnancy$xPsychological aspects.$2fast$0(OCoLC)fst01075138
=856  41$uhttp://www.who.int/reproductivehealth/publications/maternal_perinatal_health/anc-positive-pregnancy-experience/en/$yFulltext
=856  41$uhttps://www.ncbi.nlm.nih.gov/books/NBK409108/$yFulltext
=856  41$uhttp://apps.who.int/iris/bitstream/10665/250796/1/9789241549912-eng.pdf?ua=1/$zConnect to PDF version
=852  41$aBritish Library$bHMNTS$jOPB.2019.x.98
=CAT  \\$a11253$b40$c20170302$lBLL01$h0858
=CAT  \\$a7183$b40$c20190307$lBLL01$h1142
=CAT  \\$a7183$b40$c20190311$lBLL01$h1123
=CAT  \\$a7183$b40$c20190311$lBLL01$h1126
=CAT  \\$aW2308-1659$c20230923$lBLL01$h1014
=FIN  \\$aY$d20190307
=SRC  \\$aBLL02
=LAS  \\$aW2308-1659$b00$c20230923$lBLL01$h1014

