=LDR  02381cam a2200445 i 4500
=001  018379592
=003  Uk
=005  20190408144138.0
=008  170614s2016\\\\sz\ab\\\\b\\\i000\0\eng\\
=FMT  \\$a  BK
=010  \\$a  2017375261
=020  \\$a9789241549769$qpaperback
=020  \\$a9241549769$qpaperback
=035  \\$a(OCoLC)ocn990046617
=035  \\$a(OCoLC)990046617
=040  \\$aAU@$beng$cAU@$dBTCTA$dCUX$dOCLCF$dOCLCO$dEYM$dCASUM$dOCLCO$dIUL$dOCLCO$dNUI$dUV0$dCRU$dCOD$dDLC$dUk$erda
=042  \\$aukblcatcopy
=050  00$aQR189.5.P36$bG85 2016
=082  04$a616.911$223
=245  00$aGuide to introducing HPV vaccine into national immunization programmes.
=264  \1$aSwitzerland :$bWorld Health Organization,$c[2016]
=300  \\$aix, 91 pages :$billustrations (colour), 1 map (colour) ;$c30 cm
=336  \\$atext$2rdacontent
=337  \\$aunmediated$2rdamedia
=338  \\$avolume$2rdacarrier
=504  \\$aIncludes bibliographical references.
=505  0\$a1. Introduction -- 2. Decision-making at country level -- 3. Planning -- 4. Vaccine management -- 5. Microplanning at the district level -- 6. Communication and social mobilization -- 7. Implementation- training, service delivery and supervision -- 8. Monitoring and evaluation -- Annexes.
=520  \\$a"This document is intended for use by national immunization programme managers and immunization partners to inform the policy discussions and operational aspects for the introduction of HPV vaccine into national immunization programmes and to provide upto-date references on the global policy, as well as the technical and strategic issues related to the introduction of HPV vaccine."--Publisher's description.
=650  \0$aPapillomavirus vaccines.
=650  \0$aImmunization.
=710  2\$aWorld Health Organization.$bDepartment of Immunization, Vaccines and Biologicals,$eissuing body.
=856  41$uhttp://www.who.int/immunization/documents/ISBN_9789241549769/en/$yFulltext
=856  41$uhttp://apps.who.int/iris/bitstream/10665/253123/1/9789241549769-eng.pdf?ua=1$zConnect to PDF version
=852  41$aBritish Library$bHMNTS$jOPB.2019.x.159
=CAT  \\$a10904$b40$c20170616$lBLL01$h1337
=CAT  \\$a6632$b40$c20190408$lBLL01$h1441
=CAT  \\$aW2308-1659$c20230923$lBLL01$h1016
=FIN  \\$aY$d20190408
=SRC  \\$aBLL02
=LAS  \\$aW2308-1659$b00$c20230923$lBLL01$h1016

