=LDR  02329 am a22005773  4500
=001  003549790
=003  Uk
=005  20201021100745.0
=008  820629s1869\\\\ru\\\\\\\\\\\\000\0\rus\d
=FMT  \\$a  BK
=019  x\$a3180790075
=035  \\$a(OCoLC)22551960$z(OCoLC)29834750
=040  \\$aZCL$beng$cZCL$dCUY$dOCLCG$dUKMGB$dOCLCQ$dOCLCF$dOCLCQ$dOCLCO$dOCLCQ$dUk
=100  1\$aFlerovskiĭ, N.,$d1829-1918.
=240  10$aSvoboda rechi, terpimostʹ i nashi zakony o pechati
=245  10$6880-01$aSvoboda ri︠e︡chi, terpimostʹ i nashi zakony o pechati.
=250  \\$a2nd edition
=260  \\$6880-02$aS.-Peterburg :$bTip. N. Nekli︠u︡dova,$c1870.
=300  \\$aiv, v, 254 pages ;$c22 cm
=336  \\$atext$2rdacontent
=337  \\$aunmediated$2rdamedia
=338  \\$avolume$2rdacarrier
=650  \0$aFreedom of speech.
=650  \0$aPress law$zSoviet Union.
=650  \7$aFreedom of speech.$2fast$0(OCoLC)fst00934044
=650  \7$aPress law.$2fast$0(OCoLC)fst01075880
=651  \7$aSoviet Union.$2fast$0(OCoLC)fst01210281
=700  1\$aPOLYAKOV, N. P.
=720  \\$aSVOBODA$emain entry
=856  41$uhttp://books.google.com/books?vid=BL:A0021707249
=880  10$6245-01$aСвобода рѣчи, терпимость и наши законы о печати.
=880  \\$6260-02$aС.-Петербург :$bТип. Н. Неклюдова,$c1869.
=886  2\$2blmarc$a709$b00$aPOLYAKOV$hN. P.$p8094.aaa.60.$x2621890199
=856  41$uhttp://books.google.com/books?vid=BL:A0018394289$yGoogle_Books
=852  41$aBritish Library$bHMNTS$j8094.aaa.60.
=985  \\$aCorrected by MS generated file for WR# 11/211
=985  \\$aCorrected by MS generated file for WR# 1805-0738
=CAT  \\$aCONV$b00$c20040502$lBLL01$h1007
=CAT  \\$aBATCH$b00$c20091203$lBLL01$h0006
=CAT  \\$aWR11_211$c20130328$lBLL01$h1721
=CAT  \\$aBLSS-CORR$b00$c20130328$lBLL01$h1723
=CAT  \\$aWR14_057$b00$c20140606$lBLL01$h2021
=CAT  \\$aWR14_057$c20140610$lBLL01$h1612
=CAT  \\$a1805-0738$c20181123$lBLL01$h1804
=CAT  \\$a1805-0738$b00$c20181123$lBLL01$h1845
=CAT  \\$aW2001-2376$c20200612$lBLL01$h1919
=CAT  \\$a11937$b40$c20201021$lBLL01$h1007
=FIN  \\$aY
=LEO  \\$aMP1.0003794181
=SRC  \\$aBLS01$bbibmp1.200404.2.ae
=LAS  \\$a11937$b40$c20201021$lBLL01$h1007

