=LDR  08161cas a2201369 a 4500
=001  010819223
=003  Uk
=005  20221231195614.0
=007  ta
=008  910618d17801795enkar\p\\\\\\\0\\\a0eng\\
=FMT  \\$a  SE
=019  x\$a2522490079
=019  c\$a2251121
=022  0\$a0963-5009$202
=040  \\$aUk$cUk$dUk
=042  \\$aissnuk
=082  04$a610.5$223
=210  0\$aMed. comment.
=222  \0$aMedical commentaries
=245  00$aMedical commentaries.$b... Collected and published by Andrew Duncan.
=246  06$aMedical commentaries [volume no.]
=246  07$aMedical commentaries [date in arabic]
=260  \\$aLondon [England] :$bprinted for Charles Dilly, in the Poultry, and sold by T. Walker, Dublin ;$aEdinburgh [Scotland] :$bprinted for C. Elliot, Edinburgh: and C. Elliot and Co. no 332, opposite Somerst-Buildings, Strand, London,$cMDCCLXXX. [1780]-
=300  \\$a14 v., plates :$btables ;$c8⁰.
=310  \\$aAnnual,$b1785-1795
=321  \\$aAnnual,$b1780
=321  \\$aBiennial,$b1781-1784
=336  \\$atext$2rdacontent
=337  \\$aunmediated$2rdamedia
=338  \\$avolume$2rdacarrier
=340  \\$m8vo$2rdabf
=362  0\$a[Vol. 7] Part I. for the year 1780.-volume tenth for the year 1785; Decade second. vol. I. (For the year MDCCLXXXVI)-Decade second. vol. X. (For the year M.DCC.XCV.).
=500  \\$a"Exhibiting a concise view of the latest and most important discoveries in medicine and medical philosophy."
=500  \\$aEditor and compiler: Andrew Duncan.
=500  \\$aProbably published simultaneously in both Edinburgh and London, as all imprints seen include booksellers in both cities.
=500  \\$aImprints vary; vol. 8 reads: printed for Chas. Dilly in the Poultry; vol. 9 reads: London: J. Murray, Fleet-Street, and C. Dilly, Poultry; and for W. Gordon and G. Elliot, Edinburgh; vol.10 reads: J. Murray, Fleet-Street; and C. Elliot, Edinburgh.
=500  \\$aImprints for the Second Decade also vary; a variant imprint for volume 1 includes the firm: G.G.J. and J. Robinson.
=500  \\$aVolumes 2-4 read: Printed for C. Elliot, Edinburgh: and C. Elliot and Co. ... London; volumes 5-8 read: Edinburgh: printed for G.G. & J. Robinson, London; and Peter Hill, Edinburgh; variant imprint for vols. 5-8 reverses the order of the names Robinson and Hill.
=500  \\$aVolume 9 reads: printed for G. Mudie; and G.G. & J. Robinson, and J. Johnson; volume 10 reads: printed for G. Mudie & Son; and for G.G. & J. Robinson.
=500  \\$aImprints include years of publication in roman. vol. 8, 1783; vol. 9, 1785; vol. 10, 1786; 2nd decade published annually: 1787-1795.
=500  \\$aFirst volume of this title has preface dated: Edin. 1st Jan. 1780.
=500  \\$aWith continuous pagination in each volume; some volumes include final advertisement leaves.
=500  \\$aIncludes papers on the progress, treatment and outcomes of diseases seen by various doctors, with articles on medical theories and new medical discoveries.
=509  \\$aSome volumes reprinted several times, some printings lack edition statements; most libraries have mixed sets.
=510  4\$aNCBEL,$cII:1372
=510  4\$aCraig, M.E. Scottish periodicals,$cp. 101
=510  4\$aCrane & Kaye,$c435
=510  4\$aWard, W.S. Index of serials,$cp. 100
=515  \\$aFirst volume in this series unnumbered; however numbering is intended to be continuous from the previous title through 1785.
=515  \\$aBetween 1781 and 1785, volumes 8 and 9 appear at two year intervals.
=515  \\$aVolume 8 published in two numbered parts, one for each year.
=515  \\$aVolumes of "Decade second" also numbered vols. 11-20.
=533  \\$aMicrofilm.$bWoodbridge, CT$cResearch Publications, Inc.,$d1986.$e1 reel ; 35 mm.$f(The Eighteenth Century ; reel 8915, no. 03).
=533  \\$aMicrofilm.$bWoodbridge, CT$cResearch Publications, Inc.,$d1986.$e1 reel ; 35 mm.$f(The Eighteenth Century ; reel 7452, no. 05).
=533  \\$aMicrofilm.$bWoodbridge, CT$cResearch Publications, Inc.,$d1986.$e1 reel ; 35 mm.$f(The Eighteenth Century ; reel 7453, no. 01).
=533  \\$aMicrofilm.$bWoodbridge, CT$cResearch Publications, Inc.,$d1986.$e1 reel ; 35 mm.$f(The Eighteenth Century ; reel 7454, no. 01).
=533  \\$aMicrofilm.$bWoodbridge, CT$cResearch Publications, Inc.,$d1986.$e1 reel ; 35 mm.$f(The Eighteenth Century ; reel 7455, no. 01).
=533  \\$aMicrofilm.$mVols. 7-9.$bWoodbridge, CT$cPrimary Source Microfilm, an imprint of Gale Group,$d2000.$e1 reel ; 35 mm.$nUnit 313.$f(The Eighteenth Century ; reel 10950, no.01).$7s2000
=533  \\$aMicrofilm.$mVol. 10.$bWoodbridge, CT$cPrimary Source Microfilm, an imprint of Gale Group,$d2000.$e1 reel ; 35 mm.$nUnit 313.$f(The Eighteenth Century ; reel 10951, no. 01)$7s2000
=555  \\$aVolumes indexed. Vol. 10 also includes general alphabetical index for Decade second.
=595  \\$aFORMERLY 5525.993N CONTD AS 1043.13.
=540  \\$aCurrent Copyright Fee: GBP25.00$c0$5Uk
=648  \7$a1603-1800$2local
=650  \0$aMedicine$zEngland$y18th century$vPeriodicals$vEarly works to 1800.
=655  \7$aPeriodicals$zEngland$y18th century.$2rbgenr
=700  1\$aDuncan, Andrew,$eed.
=710  2\$aSociety in Edinburgh.
=752  \\$aGreat Britain$bEngland$dLondon.
=752  \\$aGreat Britain$bScotland$dEdinburgh.
=780  00$tMedical and philosophical commentaries$w(CU-RivES)P6674
=785  00$tAnnals of medicine$w(CU-RivES)P6540
=780  00$tMedical and philosophical commentaries$x0963-4991
=785  00$tAnnals of medicine$x0950-0375
=856  41$uhttp://books.google.com/books?vid=L-dLiLBOr6AC$yGoogle Books$ahttp://books.google.com/$zSource library: Universidad Complutense de Madrid
=856  41$uhttp://books.google.com/books?vid=5Zttl2XuIjsC$yGoogle Books$ahttp://books.google.com/$zSource library: Universidad Complutense de Madrid
=852  41$aBritish Library$bHMNTS$j1560/3810.$3Vol. 7 (1780)-v. 10 (1795)
=945  \\$aMEDICAL COMMENTARIES.
=963  \\$aCA/M-7 VOL. 1, 1786- 10, 1795 *A=1$bY
=979  \\$aBritish Library$bDSC$j5527.032000N
=985  \\$aRecord merged by Metadata Quality team
=985  \\$aCorrected by MS generated file for WR# 1805-0738
=CAT  \\$aCONV$b00$c20040425$lBLL90$h0849
=CAT  \\$aCONV$b00$c20040502$lBLL01$h1412
=CAT  \\$aglobal_upd$b40$c20060417$lBLL01$h1756
=CAT  \\$aBATCH$b00$c20091210$lBLL01$h0236
=CAT  \\$a8201$b40$c20141022$lBLL01$h1241
=CAT  \\$a8201$b40$c20141022$lBLL01$h1242
=CAT  \\$a10973$b40$c20160412$lBLL01$h1727
=CAT  \\$aBATCH-CLA$b00$c20161222$lBLL01$h1738
=CAT  \\$aIPL-CLA$c20161230$lBLL01$h1953
=CAT  \\$aBATCH-CLA$b00$c20171222$lBLL01$h2043
=CAT  \\$aIPL-CLA$c20171231$lBLL01$h1524
=CAT  \\$a1805-0738$c20181221$lBLL01$h1836
=CAT  \\$a1805-0738$b00$c20181221$lBLL01$h1918
=CAT  \\$aBATCH-CLA$b00$c20191219$lBLL01$h1704
=CAT  \\$aIPL-CLA$c20191231$lBLL01$h1836
=CAT  \\$aR2001-1524$c20200127$lBLL01$h1947
=CAT  \\$aBATCH-CLA$b00$c20201204$lBLL01$h1502
=CAT  \\$aIPL-CLA$c20201231$lBLL01$h2048
=CAT  \\$a8874$b40$c20211129$lBLL01$h1124
=CAT  \\$a8874$b40$c20211129$lBLL01$h1133
=CAT  \\$aBATCH-CLA$b00$c20221221$lBLL01$h1808
=CAT  \\$aIPL-CLA$c20221231$lBLL01$h1956
=CFI  0\$aCurrent Copyright Fee: GBP25.00$c0$e01-jan-2023$fGBP25.00$g0$hA$5Uk
=CFI  2\$aPrevious Copyright Fee: GBP22.50$c0$e01-jan-2021$fGBP22.50$g0$hA$5Uk
=FIN  \\$aY
=LEO  \\$aMP10.0000364115
=LEO  \\$aMP22.0000035747
=SRC  \\$aDSS01$bbibmp10.200404.2.aa
=SRC  \\$aISN01$bbibmp22.200404.2.aa
=TCO  \\$aCLA$bCLA$c008
=ACF  \\$aPrevious copyright fee: GBP12.00$c0$e01-jan-2012$fGBP12.00$g0$hA$5Uk
=ACF  \\$aPrevious Copyright Fee: GBP12.30$c0$e01-jan-2014$fGBP12.30$g0$hA$5Uk
=ACF  \\$aPrevious Copyright Fee: GBP15.00$c0$e01-jan-2017$fGBP15.00$g0$hA$5Uk
=ACF  \\$aPrevious Copyright Fee: GBP17.50$c0$e01-jan-2018$fGBP17.50$g0$hA$5Uk
=ACF  \\$aPrevious Copyright Fee: GBP20.00$c0$e01-jan-2020$fGBP20.00$g0$hA$5Uk
=LAS  \\$aIPL-CLA$b00$c20221231$lBLL01$h1956

