=LDR  02471 am a2200517   4500
=001  002208926
=003  Uk
=005  20190710165106.0
=008  790524s1750\\\\enk\\\\\\\\\\\000|p|eng\c
=FMT  \\$a  BK
=019  x\$a1961570300
=035  \\$a(CU-RivES)T32799
=040  \\$aUk-ES$cUk-ES$dCStRLIN$dCU-RivES$dUk-ES$edcrmb
=100  1\$aLockman, John,$d1698-1771.
=245  10$aEpilogue to the miser.$cWrit by Mr. Lockman, Secretary of the Free British Fishery and spoke by Mr. Shuter, in the character of a boatswain, accompanied by a considerable number of the boys.
=264  \1$a[London?'] :$b[s.n.],$c[1750?]
=300  \\$a1 sheet ([1] p.) ;$c23 cm (1/8⁰)
=336  \\$atext$2rdacontent
=337  \\$aunmediated$2rdamedia
=338  \\$asheet$2rdacarrier
=340  \\$m4to$2rdabf
=500  \\$aPossibly an offprint from a periodical.
=533  \\$aAvailable on microfilm.$bWoodbridge, CT$cResearch Publications, Inc.,$d1986.$e1 reel ; 35mm.$f(The Eighteenth Century ; reel 4298, no. 03).
=533  \\$aAvailable as an electronic reproduction.$bFarmington Hills, Mich. :$cThomson Gale,$d2003.$f(Eighteenth century collections online).$nAvailable via the World Wide Web.$nAccess limited by licensing agreements.
=510  4\$aESTC,$cT32799
=650  \0$aEnglish poetry,$y18th century.
=655  \7$aPoems.$2rbgenr
=752  \\$aGreat Britain$bEngland$dLondon.
=856  40$uhttp://galenet.galegroup.com/servlet/ECCO?c=1&stp=Author&ste=11&af=BN&ae=T032799&tiPG=1&dd=0&dc=flc&docNum=CW112398137&vrsn=1.0&srchtp=a&d4=0.33&n=10&SU=0LRK |$yEighteenth Century Collections Online. Gale$ahttp://www.gale.com$mGale technical support (800)877-4253
=852  41$aBritish Library$bHMNTS$jT.655.(17)
=985  \\$aCorrected by MS generated file for WR# 11.211
=985  \\$aCorrected by MS generated file for WR# 1805-0738
=985  \\$aSubject headings created by HTC$dMay 2008$inCU-RivES
=CAT  \\$aCONV$b00$c20040502$lBLL01$h0938
=CAT  \\$aBATCH$b00$c20091129$lBLL01$h0259
=CAT  \\$a5194$b40$c20120531$lBLL01$h1647
=CAT  \\$aWR11_211$c20120725$lBLL01$h1727
=CAT  \\$aBLSS-CORR$b00$c20120725$lBLL01$h1742
=CAT  \\$aW1804-1393$c20180530$lBLL01$h1700
=CAT  \\$a1805-0738$c20181026$lBLL01$h1753
=CAT  \\$a1805-0738$b00$c20181026$lBLL01$h1837
=CAT  \\$a2225$b40$c20190710$lBLL01$h1651
=FIN  \\$aY
=LEO  \\$aMP1.0002343756
=SRC  \\$aBLS01$bbibmp1.200404.2.ac
=LAS  \\$a2225$b40$c20190710$lBLL01$h1651

