=LDR  03365cam a2200661   4500
=001  002441528
=003  Uk
=005  20230314150839.0
=008  790719s1740\\\\enk\\\\\\\\\\\000|s|eng\c
=FMT  \\$a  BK
=019  x\$a2164330188
=035  \\$a(Uk-ES)006416006
=035  \\$a(CU-RivES)T44068
=040  \\$aUk-ES$cUk-ES$dCStRLIN$dCU-RivES$dUk-ES$edcrmb
=100  1\$aMeadowcourt, Richard,$d1695-1760.
=245  10$aPopery disarmed of those weapons of force, and those instruments of fraud, in which it chiefly trusts. In a sermon preached at the Cathedral-Church of Worcester, November the 5th, 1739. By Richard Meadowcourt, A. M. Canon of Worcester.
=246  3\$iHalf-title:$aThe Rev. Mr. Meadowcourt's sermon preached at the Cathedral-church of Worcester, November the 5th, 1739.
=260  \\$aLondon :$bprinted for J. Osborn, at the Golden-Ball, in Pater-Noster-Row; and sold by H. Clements, in Oxford; and by E. Wolley, Bookseller, in Worcester,$cM.DCC.XL. [1740]
=264  \1$aLondon :$bprinted for J. Osborn, at the Golden-Ball, in Pater-Noster-Row; and sold by R. Clements, in Oxford; and E. Wolley, bookseller, in Worcester,$cM.DCC.XI. [1740]
=300  \\$a[2], 25, [1] p. ;$c23 cm (4⁰)
=336  \\$atext$2rdacontent
=337  \\$aunmediated$2rdamedia
=338  \\$avolume$2rdacarrier
=340  \\$m4to$2rdabf
=500  \\$aWith a half-title.
=500  \\$aRunning-title: 'A sermon preached at Worcester. Popery disarmed.'.
=500  \\$aHeadpiece and factotum.
=500  \\$aSignatures: pi1 A-B⁴
=533  \\$aAvailable on Microfilm.$bWoodbridge, CT$cResearch Publications, Inc.,$d1986.$e1 reel ; 35mm.$f(The Eighteenth Century ; reel 1932, no. 24).
=648  \7$a1701-1800$2local
=655  \7$aSermons.$2rbgenr
=630  00$aBible.$pPsalms, CVI, 34-35$vSermons$vEarly works to 1800.
=752  \\$aGreat Britain$bEngland$dLondon.
=700  1\$aOsborn, John,$d-1775,$ebookseller.
=856  40$uhttp://galenet.galegroup.com/servlet/ECCO?c=1&stp=Author&ste=11&af=BN&ae=T044068&tiPG=1&dd=0&dc=flc&docNum=CW121143497&vrsn=1.0&srchtp=a&d4=0.33&n=10&SU=0LRF |$yEighteenth Century Collections Online. Gale Group$ahttp://www.galegroup.com$mGale technical support (800) 877-4253
=852  41$aBritish Library$bHMNTS$j694.g.6.(6)
=852  41$aBritish Library$bHMNTS$j695.g.10.(12)
=852  41$aBritish Library$bHMNTS$j225.g.10.(19)
=985  \\$aCorrected by BSS-generated file for WR# 10/107
=985  \\$aCorrected by MS generated file for WR# 1805-0738
=985  \\$aUpgraded by BSS-generated file for WR2009-0365
=985  \\$aRecord amended for WR# 13/168$d20131212$iUk-ES
=985  \\$aSubject headings created by HTC$dMay 2008$inCU-RivES
=CAT  \\$aCONV$b00$c20040502$lBLL01$h0943
=CAT  \\$aBATCH$b00$c20091129$lBLL01$h0427
=CAT  \\$aBATCH$b00$c20091213$lBLL01$h1647
=CAT  \\$aBLSS-CORR$b00$c20100917$lBLL01$h1651
=CAT  \\$aW1807-1331$c20180722$lBLL01$h1212
=CAT  \\$a1805-0738$c20181026$lBLL01$h1827
=CAT  \\$a1805-0738$b00$c20181026$lBLL01$h1905
=CAT  \\$aW2009-0365$b00$c20201009$lBLL01$h1827
=CAT  \\$a2225$b40$c20230309$lBLL01$h1709
=CAT  \\$a2225$b40$c20230314$lBLL01$h1505
=CAT  \\$a2225$b40$c20230314$lBLL01$h1508
=FIN  \\$aY
=LEO  \\$aMP1.0002587808
=SRC  \\$aBLS01$bbibmp1.200404.2.ac
=LAS  \\$a2225$b40$c20230314$lBLL01$h1508

