=LDR  04012 am a2200769   4500
=001  002533249
=003  Uk
=005  20210628190216.0
=008  810626s1724\\\\enkaf\\\\\\\\\000\1\eng\c
=FMT  \\$a  BK
=019  x\$a2252380012
=035  \\$a(Uk-ES)006394103
=040  \\$aUk-ES$cUk-ES$dCU-RivES$dCStRLIN$dCU-RivES$dUk-ES$edcrmb
=100  1\$aGildon, Charles,$d1665-1724.
=240  10$aWorks.$kSelections
=245  14$aThe new metamorphosis: or, Pleasant transformation of the Golden ass of Lucius Apuleius of Medaura.$bAlso the Golden spy: or, Magical wonders perform'd by gold in the courts of Europe, in love and politicks, by its power on the favourite ladies in all ages. In twenty-five novels. Altered and improved to the modern times and manners; exposing the secret follies and vices of maids, wives and widows; nuns, Fryars and Jesuits; statesmen, and courtiers, &c.$cWritten in Italian by Carlo Monte Socio, fellow of the Academy of the Humoristi in Rome, and translated from the Vatican manuscripts. To which is prefix'd, the Life of Lucius Apuleius. In two volumes. Adorn'd with new cuts.
=246  3\$aPleasant transformation of the Golden ass of Lucius Apuleius of Medaura
=264  \1$aLondon :$bprinted for Sam. Briscoe at the Bell-Savage on Ludgate-Hill,$c1724.
=300  \\$a2 v., plates ;$c(12⁰)
=336  \\$atext$2rdacontent
=337  \\$aunmediated$2rdamedia
=338  \\$avolume$2rdacarrier
=340  \\$m12mo$2rdabf
=500  \\$aIn fact, an original work by Charles Gildon.
=500  \\$aTitle pages in red and black.
=500  \\$aWith plates by W. Hogarth.
=500  \\$aCarlo Monte Socio is a pseudonym.
=500  \\$aMisprinted page number in vol. 2: 199 instead of 217.
=500  \\$aPagination. Volume 1: [38], 336 pages, [4] leaves of plates; volume 2: [4], 360 pages, [7] leaves of plates.
=500  \\$aSignatures: A⁶ A¹² a⁶(-a6) B-G¹² ; [A]²(-[A]1) B-Q¹².
=510  4\$aESTC,$cT126087
=650  \0$aEnglish fiction$y18th century$vEarly works to 18th century.
=600  00$aApuleius.
=700  12$aGildon, Charles,$d1665-1724.$tGolden spy.
=700  12$aGildon, Charles,$d1665-1724.$tLife of Apuleius.
=700  0\$aApuleius.$tMetamorphoses.
=700  1\$aHogarth, William,$d1697-1764,$eengraver.
=700  1\$aBriscoe, Samuel,$dactive 1691-1727,$ebookseller.
=700  1\$aFreeling, Francis,$cSir,$d1764-1836,$eformer owner.$5Uk
=752  \\$aGreat Britain$bEngland$dLondon.
=856  41$uhttps://books.google.co.uk/books?id=qvcICf3sAGoC$yGoogle_Books$zVolume 1
=856  41$uhttps://books.google.co.uk/books?id=gJx7NLwwyc8C$yGoogle_Books$zVolume 2
=886  2\$2blmarc$a709$b00$aAPULEIUS$hLucius$fMadaurensis$tAsinus Aureus$tAppendix$p1079.d.18.$x0100750265
=886  2\$2blmarc$a709$b00$aHOGARTH$hWilliam$tAppendix$p1079.d.18.$x1502400111
=852  41$aBritish Library$bHMNTS$j1079.d.18.$qCopy at 1079.d.18. Imperfect: wanting leaf L5 of volume 2
=985  \\$aCorrected by BSS-generated file for WR# 11/211
=985  \\$aCorrected by MS generated file for WR# 1805-0738
=CAT  \\$aCONV$b00$c20040502$lBLL01$h0944
=CAT  \\$aglobal_upd$b40$c20060416$lBLL01$h1432
=CAT  \\$a12179$b40$c20070614$lBLL01$h1508
=CAT  \\$aBATCH-UPD$b40$c20070614$lBLL01$h1512
=CAT  \\$aBATCH-UPD$b40$c20071102$lBLL01$h0520
=CAT  \\$aBATCH$b00$c20091129$lBLL01$h2333
=CAT  \\$aBATCH-UPD$b00$c20101025$lBLL01$h2203
=CAT  \\$aBATCH$b00$c20101223$lBLL01$h1813
=CAT  \\$aBLSS-CORR$b00$c20120224$lBLL01$h1717
=CAT  \\$aW1807-1331$c20180722$lBLL01$h1213
=CAT  \\$a1805-0738$c20181102$lBLL01$h1757
=CAT  \\$a1805-0738$b00$c20181102$lBLL01$h1840
=CAT  \\$a14981E$b40$c20210628$lBLL01$h1823
=CAT  \\$a14981E$b40$c20210628$lBLL01$h1841
=CAT  \\$a14981E$b40$c20210628$lBLL01$h1842
=CAT  \\$a14981E$b40$c20210628$lBLL01$h1902
=FIN  \\$aY
=LEO  \\$aMP1.0002688592
=SRC  \\$aBLS01$bbibmp1.200404.2.ac
=LAS  \\$a14981E$b40$c20210628$lBLL01$h1902

