=LDR  03759cam a2200601   4500
=001  002544721
=003  Uk
=005  20220419164703.0
=008  800314s1708\\\\enkcf\\\\\\\\\000\||eng\c
=FMT  \\$a  BK
=019  x\$a2262600201
=035  \\$a(CU-RivES)T98975
=040  \\$aUk$cUk$edcrmb
=100  1\$aMore, Henry,$d1614-1687.
=245  14$aThe theological works$bof the most pious and learned Henry More, D. D. Sometime Fellow of Christ's College in Cambridge. Containing An explanation of the grand mystery of godliness. An enquiry into the mystery of iniquity. In two parts. A prophetical exposition of the epistles to the seven churches in Asia. A discourse of the grounds of faith in points of religion. An antidote against idolatry. An appendix to the antidote against edolatry. To which are adjoin'd, some divine hymns. According to the author's improvements in his Latin edition.
=264  \1$aLondon :$bprinted and sold by Joseph Downing in Bartholomew-Close near West-Smithfield,$cMDCCVIII. [1708]
=300  \\$a[4], xiv, 856[i.e. 852]p., [1] leaf of plates :$bport. ;$c38 cm (2⁰)
=336  \\$atext$2rdacontent
=337  \\$aunmediated$2rdamedia
=338  \\$avolume$2rdacarrier
=340  \\$mfolio$2rdabf
=500  \\$aIncludes: 'A modest enquiry into the mystery of iniquity,' 1705; 'Synopsis prophetica; or, the second part of the Enquiry,' 1706; 'A prophetical exposition of the seven epistles,' 1706; 'An antidote against idolatry,' and 'An appendix to the late Antidote,' 1706, each with a separate titlepage.
=500  \\$aSignatures: A² a-c² d²(-d2) B-5H⁴ 5L⁴(-5L4) 5M⁴ 5N-5T².
=500  \\$aPagination omits pages numbers 377-378 and 387-388, but the text and register are continuous.
=533  \\$aAvailable on microfilm.$bWoodbridge, CT$cResearch Publications, Inc.,$d1986.$e1 reel ; 35mm.$f(The Eighteenth Century ; reel 7423, no.01 )
=510  4\$aESTC,$cT98975
=650  \0$aTheology$xHistory$y17th century.
=650  \0$aTheology$vEarly works to 1800.
=752  \\$aGreat Britain$bEngland$dLondon.
=886  2\$2blmarc$a709$b00$aCOLERIDGE$hSamuel Taylor$tBooks containing MS. Notes by Coleridge$pAshley5176.$x0654840288
=856  40$uhttp://galenet.galegroup.com/servlet/ECCO?c=1&stp=Author&ste=11&af=BN&ae=T098975&tiPG=1&dd=0&dc=flc&docNum=CW121422174&vrsn=1.0&srchtp=a&d4=0.33&n=10&SU=0LRF |$yEighteenth Century Collections Online. Gale Group$ahttp://www.galegroup.com$mGale technical support (800) 877-4253
=856  41$uhttp://books.google.com/books?vid=9CBEAAAAcAAJ$yGoogle Books$zSource Library: eGHE : L34.17MORA02
=852  41$aBritish Library$bHMNTS$j15.d.2.
=852  41$aBritish Library$bHMNTS$jAshley5176.$3[Another copy.] The Theological Works of H. More, etc. MS. notes [by S. T. Coleridge]. London, 1708. fol.
=852  41$aBritish Library$bHMNTS$jRB.31.c.443$pWith stamp of: "National Central Library" on title page verso.
=985  \\$aCorrected by BSS-generated file for WR# 11/124
=985  \\$aCorrected by MS generated file for WR# 1805-0738
=CAT  \\$aCONV$b00$c20040502$lBLL01$h0945
=CAT  \\$aglobal_upd$b40$c20060416$lBLL01$h1434
=CAT  \\$a10743$b40$c20070718$lBLL01$h1133
=CAT  \\$a5194$b40$c20070726$lBLL01$h1413
=CAT  \\$aBATCH$b00$c20091129$lBLL01$h2340
=CAT  \\$aBATCH$b00$c20101223$lBLL01$h1814
=CAT  \\$aBLSS-CORR$b00$c20110825$lBLL01$h1531
=CAT  \\$aBATCH-UPD$b00$c20150622$lBLL01$h2057
=CAT  \\$aW1807-1331$c20180722$lBLL01$h1213
=CAT  \\$a1805-0738$c20181102$lBLL01$h1759
=CAT  \\$a1805-0738$b00$c20181102$lBLL01$h1841
=CAT  \\$a2225$b40$c20220419$lBLL01$h1647
=FIN  \\$aY
=LEO  \\$aMP1.0002701170
=SRC  \\$aBLS01$bbibmp1.200404.2.ac
=LAS  \\$a2225$b40$c20220419$lBLL01$h1647

