=LDR  03068 am a2200661   4500
=001  002630529
=003  Uk
=005  20210310103751.0
=008  791123s1703\\\\enk\\\\\\\\\\\000\0\eng\c
=FMT  \\$a  BK
=019  x\$a2343450226
=035  \\$a(Uk-ES)006341969
=040  \\$aUk-ES$cUk-ES$dCStRLIN$dCU-RivES$dUk-ES$edcrmb
=100  1\$aNeve, Richard.
=240  10$aApopiroscopy
=245  10$aArts improvement: or, Choice experiments and observations$bin building, husbandry, gardening, mechanicks, chimistry, painting, japaning, varnishing, guilding, inlaying, embossing, carving, preserving several things in their natural shape and colour. And in other arts and sciences profitable and pleasant. Extracted from the most celebrated authors in several languages; manuscripts, experiments communicated by several ingenious gentlemen, and the author's own experience. By T.S.
=264  \1$aLondon :$bprinted for D. Brown, at the Black-Swan and Bible without Temple-Barr,$c1703.
=300  \\$a[48], 96, 8, 97-240 p. ;$c8⁰.
=336  \\$atext$2rdacontent
=337  \\$aunmediated$2rdamedia
=338  \\$avolume$2rdacarrier
=340  \\$m8vo$2rdabf
=500  \\$aT. S. = Thomas Snow, a pseudonym of Richard Neve.
=500  \\$aThe titlepage is a cancel.
=500  \\$aThe 8 pages between pp. 96 and 97 signed *G4.
=500  \\$aText is continuous.
=500  \\$aCopy filmed at UMI microfilm Early English Books, Tract Supplement reel E3 a fragment with title page only.
=500  \\$aSignatures: A⁸ b⁸ ²A-G⁸ *g⁴ H-Q⁸.
=510  4\$aHanson,$c135
=510  4\$aESTC,$cT70948
=650  \0$aArt$vEarly works to 1800.
=650  \0$aBuilding$vEarly works to 1800.
=650  \0$aPainting$vEarly works to 1800.
=650  \0$aChemistry$vEarly works to 1800.
=650  \0$aGardening$vEarly works to 1800.
=720  \\$aART
=752  \\$aGreat Britain$bEngland$dLondon.
=886  2\$2blmarc$a709$b00$aART$p1044.g.3.$x0121200302
=886  2\$2blmarc$a709$b00$aS.$hT.$p1044.g.3.$x2863670166
=856  41$uhttp://books.google.co.uk/books?vid=BL:A0019743230$yGoogle_Books$ahttps://books.google.co.uk/
=883  0\$aLanguage codes assigned by Bayesian analysis of words present in record$d20200826$qUk$c0.9919
=852  41$aBritish Library$bHMNTS$j1044.g.3.
=985  \\$aCorrected by BSS-generated file for WR# 11/211
=985  \\$aCorrected by MS generated file for WR# 1805-0738
=985  \\$aUpgraded by BSS-generated file for WR2009-0365
=CAT  \\$aCONV$b00$c20040502$lBLL01$h0946
=CAT  \\$aglobal_upd$b40$c20060416$lBLL01$h1455
=CAT  \\$aBATCH$b00$c20091130$lBLL01$h0018
=CAT  \\$aBLSS-CORR$b00$c20111222$lBLL01$h1555
=CAT  \\$aWR14_057$b00$c20151129$lBLL01$h1910
=CAT  \\$a1805-0738$c20181102$lBLL01$h1811
=CAT  \\$a1805-0738$b00$c20181102$lBLL01$h1852
=CAT  \\$aW2009-0365$b00$c20201009$lBLL01$h1836
=CAT  \\$a14981E$b40$c20210310$lBLL01$h1037
=FIN  \\$aY
=LEO  \\$aMP1.0002797539
=SRC  \\$aBLS01$bbibmp1.200404.2.ad
=LAS  \\$a14981E$b40$c20210310$lBLL01$h1037

