=LDR  03587cam a2200649   4500
=001  001086010
=003  Uk
=005  20221013171058.0
=008  790326s1735\\\\enk\\\\\\\\\\o000|0|eng\c
=FMT  \\$a  BK
=019  x\$a096092020X
=035  \\$a(CU-RivES)T21635
=040  \\$aUk$cUk$edcrmb
=110  1\$aGreat Britain.$bParliament.
=240  10$aBills. 1735-05-07
=245  12$aA bill for appointing Commissioners for taking, stating, and determining all the claims and demands of the creditors of the Corporation of the governor and company of undertakers for raising the Thames water in York-buildings, and of all persons claiming any share or interest in the stock or fund of the said corporation.
=264  \1$a[London] ;$b[s.n.],$c[1735]
=300  \\$a11, [1]p. ;$c35 cm (2⁰)
=336  \\$atext$2rdacontent
=337  \\$aunmediated$2rdamedia
=338  \\$avolume$2rdacarrier
=340  \\$mfolio$2rdabf
=500  \\$aCaption title.
=500  \\$aWith a docket title.
=500  \\$aNot enacted.
=500  \\$aSignatures: A-C².
=510  4\$aHanson,$c4742
=510  4\$aLambert,$c2063
=533  \\$aAvailable on microfilm.$bWoodbridge, CT$cResearch Publications, Inc.,$d1986.$e1 reel ; 35mm.$f(The Eighteenth Century ; reel 2171, no.14).
=533  \\$aFacsim. Wilmington, DE.: Scholarly Resources Inc.,$d1975.$f(House of Commons sessional papers of the eighteenth century ; vol. 7, item 2063).
=533  \\$aAvailable as an electronic reproduction.$bFarmington Hills, Mich. :$cThomson Gale,$d2003.$f(Eighteenth century collections online).$nAvailable via the World Wide Web.$nAccess limited by licensing agreements.
=510  4\$aESTC,$cT21635
=650  \0$aDebtor and creditor$zGreat Britain$vEarly works to 1800.
=655  \7$aBills.$2rbgenr
=752  \\$aGreat Britain$bEngland$dLondon.
=856  40$uhttp://galenet.galegroup.com/servlet/ECCO?c=1&stp=Author&ste=11&af=BN&ae=T021635&tiPG=1&dd=0&dc=flc&docNum=CW104239072&vrsn=1.0&srchtp=a&d4=0.33&n=10&SU=0LRL+OR+0LRI |$yEighteenth Century Collections Online. Gale$ahttp://www.gale.com$mGale technical support (800)877-4253
=852  41$aBritish Library$bHMNTS$j(S.P.R.)357.c.2.(66.)
=852  41$aBritish Library$bHMNTS$j1471.d.1.(34)
=985  \\$aCorrected by BSS-generated file for WR# 11/211
=985  \\$aDisaggregated record: Type B
=985  \\$aCorrected by MS generated file for WR# 1805-0738
=985  \\$aSubject headings created by HTC$dMay 2008$inCU-RivES
=CAT  \\$aCONV$b00$c20040502$lBLL01$h0913
=CAT  \\$aBATCH-UPD$b00$c20080508$lBLL01$h2213
=CAT  \\$a12179$b40$c20090331$lBLL01$h0844
=CAT  \\$aBATCH$b00$c20091128$lBLL01$h1835
=CAT  \\$aWR11_211$c20120530$lBLL01$h1816
=CAT  \\$aBLSS-CORR$b00$c20120530$lBLL01$h1824
=CAT  \\$a1805-0738$c20180928$lBLL01$h1815
=CAT  \\$a1805-0738$b00$c20180928$lBLL01$h1854
=CAT  \\$aW1903-1550$b00$c20190524$lBLL01$h1758
=CAT  \\$a2225$b40$c20221013$lBLL01$h1710
=FIN  \\$aY
=LEO  \\$aMP1.0001143366
=LKR  \\$aPAR$b001086011$lBLL01$r775$mA bill for appointing Commissioners for taking, stating, and determining all the claims and demands of the creditors of the Corporation of the governor and company of undertakers for raising the Thames water in York-buildings [[London], [1735]]$nAn act for stating and determining the accounts and demands depending between the Corporation of the Governor and Company of Undertakers for raising the Thames Water in York Buildings [[London], [1735]]
=SRC  \\$aBLS01$bbibmp1.200404.2.ab
=LAS  \\$a2225$b40$c20221013$lBLL01$h1710

