=LDR  02572cam a2200625   4500
=001  001303259
=003  Uk
=005  20211216192726.0
=008  870216s1794\\\\enk\\\\\\\\\\\000|0|eng\c
=FMT  \\$a  BK
=019  x\$a1136450203
=035  \\$a(Uk-ES)006263551
=040  \\$aUk-ES$cUk-ES$dCStRLIN$dCU-RivES$dUk-ES$edcrmb
=100  1\$aFox, William,$dactive 1773-1794.
=245  10$aDefence of the war against France.$cBy William Fox.
=264  \1$aLondon :$bsold by M. Gurney, No. 128, Holborn Hill,$c1794.
=300  \\$a[2], 16, [2] p. ;$c21 cm (8⁰)
=336  \\$atext$2rdacontent
=337  \\$aunmediated$2rdamedia
=338  \\$avolume$2rdacarrier
=340  \\$m8vo$2rdabf
=500  \\$aAn ironical defence.
=500  \\$aBelow imprint: (Price three-pence, or five for a shilling.)
=500  \\$aWith a final advertisement leaf.
=500  \\$aBritish Library catalogue previously misattributed an imperfect copy of this work to the lawyer William Fox who was active 1796-1813.
=500  \\$aUnsigned.
=510  4\$aESTC,$cT168712
=650  \0$aAnglo-French War, 1793-1802$vEarly works to 1800.
=655  \7$aSatires.$2rbgenr
=700  1\$aGurney, Martha,$d1733-1816,$ebookseller.
=700  1\$aFox, William,$dactive 1796-1813,$eattributed name.
=752  \\$aGreat Britain$bEngland$dLondon.
=856  41$uhttp://books.google.com/books?vid=BL:A0021570441$yGoogle_Books$zImperfect: wanting title page and final advertisement leaf
=852  41$aBritish Library$bHMNTS$jT.124.(12.)$qCopy at T.124.(12.). Imperfect: wanting title page and final advertisement leaf.
=985  \\$aUpgraded by BSS-generated file for WR1910-0531
=CAT  \\$aCONV$b00$c20040502$lBLL01$h0918
=CAT  \\$c20041109$lBLL01$h2203
=CAT  \\$aBLSS-CORR$b00$c20080704$lBLL01$h1533
=CAT  \\$aBATCH$b00$c20091128$lBLL01$h1955
=CAT  \\$aBLSS-CORR$b00$c20101125$lBLL01$h1628
=CAT  \\$aWR13_070$b00$c20130504$lBLL01$h0102
=CAT  \\$aWR13_070C$c20130611$lBLL01$h1843
=CAT  \\$aWR14_057$b00$c20170504$lBLL01$h1742
=CAT  \\$aW1804-1393$c20180530$lBLL01$h1658
=CAT  \\$a1805-0738$c20181005$lBLL01$h1801
=CAT  \\$a1805-0738$b00$c20181005$lBLL01$h1842
=CAT  \\$aW1910-0531$b00$c20200313$lBLL01$h1831
=CAT  \\$a12121$b40$c20211213$lBLL01$h2215
=CAT  \\$a12121$b40$c20211213$lBLL01$h2218
=CAT  \\$a12121$b40$c20211213$lBLL01$h2218
=CAT  \\$a12121$b40$c20211216$lBLL01$h1927
=FIN  \\$aY
=LEO  \\$aMP1.0001371890
=SRC  \\$aBLS01$bbibmp1.200404.2.ab
=LAS  \\$a12121$b40$c20211216$lBLL01$h1927

