=LDR  03716 am a2200661   4500
=001  001466268
=003  Uk
=005  20201002184208.0
=008  780428s1711\\\\enk\\\\\\\\\\\000\p|eng\c
=FMT  \\$a  BK
=019  x\$a1284680177
=035  \\$a(CU-RivES)T6737
=040  \\$aUk-ES$cUk-ES$dCStRLIN$dCU-RivES$edcrmb
=245  00$aScotch-Loyalty exemplify'd,$bin the behaviour of the Dean of the faculty, and his brethren, at Edinburgh, in relation to the reception of a medal of the Pretender, presented to them by the Dutchess of Gourdon, with her Grace's, and their several speeches thereupon, as, also, the number of those that were for and against admitting it amongst their rarities.
=264  \1$aLondon :$bprinted for, and sold by S. Popping, in Pater-Noster-Row,$c[1711]
=300  \\$a1 sheet ([1] p.) ;$c31 cm (1/2⁰)
=336  \\$atext$2rdacontent
=337  \\$aunmediated$2rdamedia
=338  \\$asheet$2rdacarrier
=340  \\$mfolio$2rdabf
=500  \\$aPrice follows imprint: Price 1 d.
=510  4\$aCrawford, J.L.L. Bibliotheca Lindesiana. Catalogue of English broadsides,$c1032
=533  \\$aAvailable on microfilm.$bWoodbridge, CT$cResearch Publications, Inc.,$d1986.$e1 reel ; 35mm.$f(The Eighteenth Century ; reel 1857, no. 30).
=533  \\$aAvailable as an electronic reproduction.$bFarmington Hills, Mich. :$cThomson Gale,$d2003.$f(Eighteenth century collections online).$nAvailable via the World Wide Web.$nAccess limited by licensing agreements.
=510  4\$aESTC,$cT6737
=610  20$aFaculty of Advocates (Scotland)$vEarly works to 1800.
=650  \0$aMedals$vEarly works to 1800.
=650  \0$aJacobites$vEarly works to 1800
=655  \7$aBroadsides.$2rbgenr
=787  0\$tThe Scotch Loyalty; or, an account of the Scotch Lady's [i.e. the Duchess of Gordon's] present to the Scotch Advocates; with their proceedings and several speeches in receiving the pretended Prince of Wales's Medal.$w(Uk)MP1.0001546432$dLondon, 1711. s. sh. fol.
=700  1\$aPopping, Sarah,$ebookseller.
=752  \\$aGreat Britain$bEngland$dLondon.
=886  2\$2blmarc$a709$b00$aBENNET$hRobert$fDean of Faculty$p806.k.16.(130.)$x0251340007
=856  40$uhttp://galenet.galegroup.com/servlet/ECCO?c=1&stp=Author&ste=11&af=BN&ae=T006737&tiPG=1&dd=0&dc=flc&docNum=CW100486755&vrsn=1.0&srchtp=a&d4=0.33&n=10&SU=0LRH |$yEighteenth Century Collections Online. Gale$ahttp://www.gale.com$mGale technical support (800)877-4253
=883  0\$aLanguage codes assigned by Bayesian analysis of words present in record$d20200826$qUk$c0.9919
=852  41$aBritish Library$bHMNTS$j74/806.k.16.(130)
=985  \\$aCorrected by BSS-generated file
=985  \\$aCorrected by MS generated file for WR# 1805-0738
=985  \\$aDisaggregated record: Type B
=985  \\$aSubject headings created by HTC$dMay 2008$inCU-RivES
=985  \\$aTitle and imprint enhanced by Apex$d2007$inCU-RivES
=985  \\$aUpgraded by BSS-generated file for WR2009-0365
=CAT  \\$aCONV$b00$c20040502$lBLL01$h0921
=CAT  \\$aglobal_upd$b40$c20060416$lBLL01$h1416
=CAT  \\$aBLC-CORR$b00$c20080610$lBLL01$h0904
=CAT  \\$aBLSS-CORR$b00$c20080704$lBLL01$h1528
=CAT  \\$aBLSS-CORR9$c20090508$lBLL01$h1608
=CAT  \\$aBATCH$b00$c20091128$lBLL01$h2056
=CAT  \\$aW1807-1331$c20180721$lBLL01$h0802
=CAT  \\$aBATCH-UPD$b00$c20180721$lBLL01$h0838
=CAT  \\$a1805-0738$c20181005$lBLL01$h1825
=CAT  \\$a1805-0738$b00$c20181005$lBLL01$h1901
=CAT  \\$a2225$b40$c20190219$lBLL01$h1519
=CAT  \\$aW2009-0365$b00$c20201002$lBLL01$h1842
=FIN  \\$aY
=LEO  \\$aMP1.0001546432.2
=SRC  \\$aBLS01$bbibmp1.200404.2.ab
=LAS  \\$aW2009-0365$b00$c20201002$lBLL01$h1842

