=LDR  04084cam a2200637   4500
=001  000101790
=003  Uk
=005  20210909111800.0
=008  850301m17531754enk\\\\\\\\\\\000\j\eng\c
=FMT  \\$a  BK
=019  x\$a0100980082
=035  \\$a(Uk-ES)006006491
=040  \\$aCU-RivES$cCU-RivES$dCStRLIN$dUk-ES$edcrmb
=130  0\$aArabian nights.$lEnglish.
=245  10$aArabian nights entertainments:$bconsisting of the thousand and one stories, told by the sultaness of the Indies to divert the sultan from the execution of a bloody vow he had made to marry a lady every day, and have her cut off next morning, to avenge himself for the disloyality of his first sultaness, &c. Containing a better account of the customs, manners, and religion of the eastern nations, viz. Tartars, Persians, and Indians, than is to be met with in any author hitherto published.$cTranslated into French from the Arabian mss, by M. Galland, of the Royal Academy; and now done into English from the last Paris edition.
=250  \\$aThe tenth edition.
=264  \1$aLondon :$bprinted for T. and T. Longman, at the Ship in Pater-noster-Row,$cMDCCLIII-MDCCLIV. [1753-1754]
=300  \\$a12 v. in 6 :$bill. ;$c17 cm (12⁰)
=336  \\$atext$2rdacontent
=337  \\$aunmediated$2rdamedia
=338  \\$avolume$2rdacarrier
=340  \\$m12mo$2rdabf
=500  \\$aWith frontispieces.
=500  \\$aVol. 1-5 only are of the tenth edition. Vol. 6 is of the ninth edition; vol. 7 of the eighth, both dated 1753; vol. 8 also of 1753 is without edition statement as are vol. 9, 10 of 1754; vol. 11, 12 dated 1754 are of the fifth edition. The last four volumes were published for T. & T. Longman, and J. Ward.
=500  \\$aOn the Longman editions: "From the foregoing it will be evident how slavishly these volumes were reprinted and, also, that the edition-notes are quite meaningless". See: Duncan B. Macdonald. A Bibliographical and Literary Study of the First Appearance of the "Arabian Nights" in Europe. "The Library Quarterly: Information, Community, Policy", Oct., 1932, Vol. 2, No. 4 (Oct., 1932), pp. 387-420.
=500  \\$aPagination. Vol.1: [8], 130 p.; vol.2: 150 p.; vol.3 and 4: 261, [3] p.; vol. 5: 139, [1] p.; vol. 6: [4], 192 p.; vol. 7: 189, [3] p.; vol. 8: 152, [4] p.; vol. 9: 133, [1] p.; vol. 10: [3], 2-148, [4] p.; vol. 11: 139, [1] p.; vol. 12: 144, [4] p.
=500  \\$aSignatures. Vol. 1 and 2: A-M¹²; vol. 3 and 4: A-L¹²; vol. 5: A-E¹² F¹⁰; vol. 6: [A]² B-I¹²; vol. 7: A-H¹²; vol. 8: A-F¹² G⁶; vol. 9 and 10: A-M¹²; vol. 11 and 12: A-M¹².
=510  4\$aESTC,$cN15872
=700  1\$aGalland, Antoine,$d1646-1715,$etranslator.
=710  2\$aT. and T. Longman (Firm),$ebookseller.
=700  1\$aWard, John,$d-1760,$ebookseller.
=752  \\$aGreat Britain$bEngland$dLondon.
=856  41$uhttps://books.google.com.pk/books?id=VHQAzytJXYsC$yGoogle_Books$zVol. 8
=886  2\$2blmarc$a709$b00$aGALLAND$hAntoine$p1509/4708.$x119057019X$p634.k.7.$x1190570211
=852  41$aBritish Library$bHMNTS$j1509/4708.
=985  \\$aCorrected by MS generated file for WR# 11/211
=985  \\$aEnhanced by MS generated file for WR# 12/139
=985  \\$aEnhanced by MS generated file for WR# 13/021
=985  \\$aCorrected by MS generated file for WR# 1805-0738
=CAT  \\$aCONV$b00$c20040502$lBLL01$h0851
=CAT  \\$aBATCH-UPD$b00$c20090222$lBLL01$h1933
=CAT  \\$aBATCH$b00$c20091125$lBLL01$h2324
=CAT  \\$aWR11_211$c20130214$lBLL01$h1742
=CAT  \\$aBLSS-CORR$b00$c20130214$lBLL01$h1808
=CAT  \\$aWR13.021$b00$c20130427$lBLL01$h1504
=CAT  \\$aWR12.139$b00$c20130708$lBLL01$h1753
=CAT  \\$aBATCH-UPD$b00$c20180607$lBLL01$h0204
=CAT  \\$a1805-0738$c20180907$lBLL01$h1944
=CAT  \\$a1805-0738$b00$c20180907$lBLL01$h2029
=CAT  \\$a8874$b40$c20210525$lBLL01$h1421
=CAT  \\$a14981E$b40$c20210909$lBLL01$h1043
=CAT  \\$a14981E$b40$c20210909$lBLL01$h1118
=FIN  \\$aY
=LEO  \\$aMP1.0000115265
=SRC  \\$aBLS01$bbibmp1.200404.2.aa
=LAS  \\$a14981E$b40$c20210909$lBLL01$h1118

