=LDR  02755 am a2200577   4500
=001  000313669
=003  Uk
=005  20170620110659.0
=008  941027s1680\\\\enkaf\\\\\\\\\000\0\eng\c
=FMT  \\$a  BK
=019  x\$a0283840153
=035  \\$a(Uk-ES)006119771
=040  \\$aCU-RivES$cCU-RivES$dCStRLIN$dUk-ES$edcrb
=130  0\$aBible.$lEnglish.$pAuthorised.
=245  14$aThe Holy Bible$bcontaining the Old Testament and the New.
=264  \1$aAt the Theater in Oxford :$b[for Moses Pitt, Peter Parker, Thomas Guy, and William Leake, all in London],$c1680.
=300  \\$a[1118] pages, [1] leaf of plates :$b1 illustrations ;$c18 cm (8º)
=336  \\$atext$2rdacontent
=337  \\$aunmediated$2rdamedia
=338  \\$avolume$2rdacarrier
=340  \\$m8vo$2rdabf
=500  \\$aThe title page is engraved and has been counted as the leaf of plates.
=500  \\$a"The New Testament of our Lord and Saviour Jesus Christ" has separate dated letterpress title page, inserted, with full imprint "Printed at the Theater in Oxford, and are to be sold by Moses Pitt at the Angel in St. Paul's Church-yard, Peter Parker at the Leg and Star, over against the Exchange in Cornhill, Thomas Guy at the corner of Little Lumbard-street and William Leake at the Crown, between the two Temple-gates in Fleet-street. London, 1680".
=500  \\$aWoodcut title page vignette on letterpress title page for the New Testament.
=500  \\$aSignatures: A-3G⁸ 3H² 3I-3Z⁸ 4A⁸ 4B⁴.
=510  4\$aWing (2nd ed., 1994),$cB2315
=510  4\$aESTC,$cR213033
=510  4\$aMadan,$cIII, 3285
=700  1\$aPitt, Moses,$dactive 1654-1696,$ebookseller.
=700  1\$aParker, Peter,$dactive 1665-1703,$ebookseller.
=700  1\$aGuy, Thomas,$d1645?-1725,$ebookseller.
=700  1\$aLeake, William,$d-1681,$ebookseller.
=740  42$aThe New Testament of our Lord and Saviour Jesus Christ.
=752  \\$aGreat Britain$bEngland$dOxford.
=856  41$uhttp://books.google.com/books?vid=BL:A0021103103$yGoogle_Books$zNew Testament only
=852  41$aBritish Library$bHMNTS$j3005.p.4.(2)
=985  \\$aCorrected by MS generated file for WR# 1805-0738
=CAT  \\$aCONV$b00$c20040502$lBLL01$h0855
=CAT  \\$c20041021$lBLL01$h1059
=CAT  \\$c20041021$lBLL01$h1122
=CAT  \\$aBATCH$b00$c20091126$lBLL01$h0137
=CAT  \\$aBATCH$b00$c20101223$lBLL01$h1559
=CAT  \\$aWR14_057$b00$c20170504$lBLL01$h1735
=CAT  \\$a13463$b40$c20170620$lBLL01$h1057
=CAT  \\$a13463$b40$c20170620$lBLL01$h1106
=CAT  \\$a1805-0738$c20180914$lBLL01$h2225
=CAT  \\$a1805-0738$b00$c20180914$lBLL01$h2322
=FIN  \\$aY
=LEO  \\$aMP1.0000338287
=SRC  \\$aBLS01$bbibmp1.200404.2.aa
=LAS  \\$a1805-0738$b00$c20180914$lBLL01$h2322

