=LDR  03253cam a2200685   4500
=001  000701182
=003  Uk
=005  20210521181856.0
=008  790602s1711\\\\enk\\\\\\\\\\\000\1\fre\c
=FMT  \\$a  BK
=019  x\$a0622420003
=035  \\$a(CU-RivES)T36282
=040  \\$aUk-ES$cUk-ES$dCU-RivES$dCStRLIN$dCU-RivES$dUk-ES$edcrmb
=041  1\$afre$heng
=100  1\$aManley, Delarivier,$d-1724.
=240  13$aSecret history of Queen Zarah, and the Zarazians.$lFrench
=245  10$aHistoire secrette de la reine Zarah, ou La Duchesse de Marlborough démasquée.$cTraduite de l'original anglois.
=246  3\$aDuchesse de Marlborough démasquée
=264  \1$aA Oxford :$bchez Alexandre Le Vertueux, à la Pierre de Touche,$cM.DCC.XI. [1711]
=300  \\$a295, [1] p. ;$c(12⁰)
=336  \\$atext$2rdacontent
=337  \\$aunmediated$2rdamedia
=338  \\$avolume$2rdacarrier
=340  \\$m24mo$2rdabf
=500  \\$aIn three parts; the first two of which are attributed to Delariviere Manley, and the third one to Joseph Browne.
=500  \\$aA satire on Sarah, Duchess of Marlborough.
=500  \\$aThe imprint is false; probably printed on the continent.
=500  \\$aSee: 'The Library the transactions of the Bibliographical Society' vol. 5, no. 3, Sept. 2004, seventh series, pp. 247-264, for a full discussion the authorship of this work.
=500  \\$aSignatures: A-M¹² N⁶(-N6).
=533  \\$aAvailable on microfilm.$bWoodbridge, CT$cResearch Publications, Inc.,$d1986.$e1 reel ; 35mm.$f(The Eighteenth Century ; reel 3708, no. 01).
=600  10$aMarlborough, Sarah Jennings Churchill,$cDuchess of,$d1660-1744$vEarly works to 1800.
=648  \7$a1701-1800$2local
=650  \0$aFrench fiction$y18th century.
=650  \0$aSatire, English$vEarly works to 1800.
=655  \7$aNovels.$2rbgenr
=700  1\$aBrowne, Joseph,$d1646?-1678,$eattributed name.
=752  \\$aGreat Britain$bEngland$dOxford.
=856  40$uhttp://galenet.galegroup.com/servlet/ECCO?c=1&stp=Author&ste=11&af=BN&ae=T036282&tiPG=1&dd=0&dc=flc&docNum=CW111884692&vrsn=1.0&srchtp=a&d4=0.33&n=10&SU=0LRK |$yEighteenth Century Collections Online. Gale Group$ahttp://www.galegroup.com$mGale technical support (800) 877-4253
=852  41$aBritish Library$bHMNTS$j1078.c.17.
=985  \\$aUpgraded by BSS-generated file for WR1910-0531
=CAT  \\$aCONV$b00$c20040502$lBLL01$h0903
=CAT  \\$c20050530$lBLL01$h1349
=CAT  \\$c20050622$lBLL01$h1704
=CAT  \\$aBLC-CORR$b00$c20061211$lBLL01$h2055
=CAT  \\$a12179$b40$c20070919$lBLL01$h1324
=CAT  \\$a5194$b40$c20080507$lBLL01$h0912
=CAT  \\$aBATCH$b00$c20091126$lBLL01$h2332
=CAT  \\$aBATCH-UPD$b00$c20120804$lBLL01$h0803
=CAT  \\$aBATCH-UPD$b00$c20160428$lBLL01$h2029
=CAT  \\$a1805-0738$c20180921$lBLL01$h1804
=CAT  \\$a1805-0738$b00$c20180921$lBLL01$h1846
=CAT  \\$aW1910-0531$b00$c20200313$lBLL01$h1809
=CAT  \\$a14981E$b40$c20210521$lBLL01$h1712
=CAT  \\$a14981E$b40$c20210521$lBLL01$h1818
=CAT  \\$a7416$b40$c20220914$lBLL01$h1145
=CAT  \\$a7416$b40$c20220914$lBLL01$h1146
=FIN  \\$aY
=LEO  \\$aMP1.0000738685
=SRC  \\$aBLS01$bbibmp1.200404.2.aa
=LAS  \\$a7416$b40$c20220914$lBLL01$h1146

