=LDR  02322 am a2200481   4500
=001  015321883
=003  Uk
=005  20211105105021.0
=008  810127s1771\\\\enk\\\\\\\\\\\000\0\eng\c
=035  \\$a(Uk-ES)006380939
=040  \\$aUk-ES$cUk-ES$dCU-RivES$dCStRLIN$dCU-RivES$dUk-ES$edcrmb
=100  1\$aCooke, John,$d1731-1810.
=245  12$aA catalogue of useful and entertaining books, printed for, and sold by J. Cooke, at Shakespeare's Head, Pater-noster Row, London: and sold also by all other booksellers in Great Britain and Ireland.
=264  \1$a[London] :$b[John Cooke],$c[1771?]
=300  \\$a24 p. ;$c18 cm (12⁰)
=336  \\$atext$2rdacontent
=337  \\$aunmediated$2rdamedia
=338  \\$avolume$2rdacarrier
=340  \\$m12mo$2rdabf
=500  \\$aA list of fifty-three books with first and last items: "A new and universal history of England" by W.H. Mountague and "Nature the best physician".
=500  \\$aDated from internal evidence. The dates of works listed in the catalogue suggest a publication date no earlier than 1771.
=500  \\$aSignatures: A¹².
=510  4\$aESTC,$cT112166
=648  \7$a1701-1800$2local
=650  \0$aCatalogs, Booksellers'$vEarly works to 1800.
=650  \0$aCatalogs, Booksellers'$zEngland$zLondon$vEarly works to 1800.
=655  \7$aAdvertisements.$2rbgenr
=752  \\$aGreat Britain$bEngland$dLondon.
=752  \\$aGreat Britain$bEngland$dLondon.
=852  41$aBritish Library$bHMNTS$j7950.df.9*$qCopy at: 7950.df.9*. Bound with 'The complete English Brewer; ... By George Watkins, ... '
=852  41$aBritish Library$bHMNTS$jRB.23.a.10167(2)$qCopy at: RB.23.a.10167(2). Bound with 'The youth's pocket-companion: or universal preceptor', London, 1769
=852  41$aBritish Library$bHMNTS$j10920.bbb.14.(2)
=856  41$uhttp://books.google.co.uk/books?vid=BL:A0018709628$yGoogle_Books$zFinal 24 pages
=985  \\$aCorrected by MS generated file for WR# 1805-0738
=CAT  \\$c20090708$lBLL01$h1625
=CAT  \\$aBATCH$b00$c20090708$lBLL01$h1722
=CAT  \\$aBATCH-UPD$b00$c20090724$lBLL01$h1803
=CAT  \\$a1805-0738$c20181228$lBLL01$h1829
=CAT  \\$a1805-0738$b00$c20181228$lBLL01$h1914
=CAT  \\$a14981E$b40$c20211105$lBLL01$h1050
=FIN  \\$aY$d20090708
=FMT  \\$a  BK
=LAS  \\$a14981E$b40$c20211105$lBLL01$h1050

