=LDR  01969cam a2200397   4500
=001  020992480
=003  Uk
=005  20230414123606.0
=008  911105s1732\\\\ie\ap\\\\\\\\\000\0\eng\c
=FMT  \\$a  BK
=035  \\$a(CU-RivES)T208209
=040  \\$aUk-ES$beng$cUk-ES$dCStRLIN$dCU-RivES$erda$edcrmb
=041  \\$aeng$hfre
=245  02$aA relation or journal,$bof the campaigns of the Marêchal de Turénne, in the years one thousand six hundred seventy four, and one thousand six hundred seventy five; 'till the time of his death.$cDone from the French, by an officer of the army.
=264  \1$aDublin :$bPrinted for Philip Crampton, at Addison's Head opposite the Horse-Guard, in Dame-Street,$c1732.
=300  \\$a[8], 131, [1] pages, [1] leaf of plates :$bportrait ;$c15 cm (8⁰)
=336  \\$atext$2rdacontent
=337  \\$aunmediated$2rdamedia
=338  \\$avolume$2rdacarrier
=500  \\$aWith a list of subscribers and an errata slip on A2v.
=500  \\$aFrench original not identified.
=510  4\$aESTC$cT208209
=600  10$aTurenne, Henri de La Tour d'Auvergne,$cvicomte de,$d1611-1675.
=651  \0$aFrance$xHistory, Military$y1643-1715.
=700  1\$aCrampton, P.$q(Philip),$dapproximately 1700-1792,$eprinter.
=752  \\$aIreland$dDublin.
=856  40$uhttp://galenet.galegroup.com/servlet/ECCO?c=1&stp=Author&ste=11&af=BN&ae=T208209&tiPG=1&dd=0&dc=flc&docNum=CW125682318&vrsn=1.0&srchtp=a&d4=0.33&n=10&SU=0LRH |$yEighteenth Century Collections Online. Gale Group$ahttp://www.galegroup.com$mGale technical support (800) 877-4253
=852  41$aBritish Library$bHMNTS$jXXXX$qCopy at XXXX. Imperfect:
=CAT  \\$a8565$b40$c20230315$lBLL01$h1200
=CAT  \\$aFX001$c20230413$lBLL01$h1941
=CAT  \\$aKITHERAE$b40$c20230414$lBLL01$h1229
=CAT  \\$aKITHERAE$b40$c20230414$lBLL01$h1229
=CAT  \\$aKITHERAE$b40$c20230414$lBLL01$h1236
=FIN  \\$aY$d20230414
=SRC  \\$aESTC
=LAS  \\$aKITHERAE$b40$c20230414$lBLL01$h1236

