=LDR  02186pam a2200553 i 4500
=001  018458229
=003  Uk
=005  20180911132304.0
=008  170301s2017\\\\enkab\\\\b\\\\001\0\eng\d
=FMT  \\$a  BK
=010  \\$a  2017935543
=015  \\$aGBB7D5250$2bnb
=016  7\$a018458229$2Uk
=020  \\$a9780198725152 (hbk.) :$c£35.00
=020  \\$a0198725159 (hbk.) :$c£35.00
=035  \\$a(OCoLC)ocn986236981
=040  \\$aStDuBDS$beng$cStDuBDS$dUk$erda
=042  \\$aukblcatcopy
=050  00$aPN51$b.M36525 2017
=082  04$a809.933581$223
=100  1\$aMcDonald, Peter D.,$eauthor.
=245  10$aArtefacts of writing :$bideas of the state and communities of letters from Matthew Arnold to Xu Bing /$cPeter D. McDonald.
=246  3\$aArtifacts of writing
=250  \\$aFirst edition.
=264  \1$aOxford :$bOxford University Press,$c2017.
=300  \\$ax, 326 pages :$billustrations, 1 map ;$c24 cm
=336  \\$atext$2rdacontent
=336  \\$astill image$2rdacontent
=337  \\$aunmediated$2rdamedia
=338  \\$avolume$2rdacarrier
=504  \\$aIncludes bibliographical references (pages 307-320) and index.
=500  \\$aFormerly CIP.$5Uk
=650  \0$aLiterature and state.
=650  \0$aCulture in literature.
=650  \0$aLanguage and languages in literature.
=650  \0$aCommunities in literature.
=650  \0$aInternational relations in literature.
=650  \0$aLiterature, Modern$y20th century$xHistory and criticism.
=650  \0$aLiterature, Modern$y19th century$xHistory and criticism.
=655  \7$aCriticism, interpretation, etc.$2fast$0(OCoLC)fst01411635
=856  41$uhttp://dx.doi.org/10.1093/oso/9780198725152.001.0001$yOxford Scholarship Online$zAvailable to Stanford-affiliated users.$xProvider: Oxford University Press$xpurchased$xeLoaderURL$xos4$xosEDZ0001756830
=852  41$aBritish Library$bHMNTS$jYC.2018.a.12391
=CAT  \\$aBATCH-CIPN$b00$c20170808$lBLL01$h1700
=CAT  \\$a10812$b40$c20180117$lBLL01$h0903
=CAT  \\$a14710$b40$c20180911$lBLL01$h1323
=CAT  \\$aBATCH-UPD$b40$c20210512$lBLL01$h2021
=FIN  \\$aY$d20180911
=SRC  \\$aBLL02
=LAS  \\$aBATCH-UPD$b40$c20210512$lBLL01$h2021

